3024 5062
182 259 246 326 250
702 277 733 325 o.
756 277 853 324 parur

183 433 283 515 stum,
312 430 464 515 obrepere
485 431 633 514 urbanis,
661 431 716 515 qui
743 452 830 495 nunc
857 431 986 497 rusticis
1007 426 1163 514 praesunt
1184 451 1299 516 meque
1319 453 1377 496 no·

181 532 273 598 tariis
296 535 328 598 et
349 532 520 599 lectoribus
542 533 748 618 reliquerunt.
782 533 863 598 vale.
1326 551 1328 553 ’

734 700 822 769 XXI.

506 826 536 880 c.
556 824 704 877 parmas
723 823 917 878 srsrurauo
936 824 1006 877 suo
1026 825 1053 880 s,

155 937 195 1008 1'
265 943 414 1009 Libertus
435 946 524 1026 tuus,
553 943 604 1007 cui
625 962 809 1007 suscensere
830 944 863 1006 te
885 942 1025 1026 dixeras,
1055 943 1146 1008 venit
1173 944 1215 1009 ad
1241 964 1293 1008 me
1322 945 1402 1009 ads

181 1046 369 1131 volutusque
396 1045 530 1131 pedibus
557 1043 637 1108 meis
663 1047 827 1129 tamquam
861 1043 925 1108 tuis
952 1043 1069 1110 haesit.
1112 1044 1202 1110 flevit
1228 1045 1375 1131 multum,

181 1148 317 1213 multum
342 1147 470 1233 rogavit
477 1196 486 1230 ‚
520 1146 656 1211 multum
684 1145 782 1210 etiam
809 1146 911 1210 tacuit
958 1146 994 1210 in
1027 1167 1152 1212 summa
1184 1145 1264 1213 fecit
1296 1147 1376 1213 milri

180 1250 276 1314 fidem
303 1249 532 1334 paenitentiae.
572 1270 645 1313 vere
674 1248 767 1314 credo
796 1248 1014 1332 emendatum,
1043 1248 1120 1333 quia
1144 1248 1314 1334 deliquisse
1342 1271 1377 1315 se

153 1352 291 1417 2sentit.
325 1351 488 1436 irasceris,
518 1351 600 1435 scio,
630 1353 663 1416 et
684 1350 830 1416 irasceris
853 1351 985 1434 merito,
1007 1351 1041 1415 id
1064 1372 1187 1436 quoque
1210 1352 1292 1417 scio:
1320 1353 1377 1417 sed

182 1456 260 1519 tunc
274 1455 447 1538 praecipua
461 1453 715 1519 mansuetudinis
730 1453 815 1537 laus,
838 1474 911 1518 cum
924 1453 993 1518 irae
1009 1475 1104 1518 causa
1125 1453 1300 1518 iustissima
1316 1456 1375 1519 est.
1392 1478 1417 1516 ιο

153 1555 298 1621 3amasti
324 1554 488 1621 hominem
515 1558 563 1639 et,
593 1577 700 1640 spero,
732 1555 870 1620 amabis:
893 1555 1024 1621 interim
1046 1555 1167 1621 sufficit
1188 1558 1225 1620 ut
1251 1557 1377 1622 exorari

182 1661 216 1723 te
243 1659 341 1724 sinas.
380 1658 491 1723 licebit
512 1679 622 1723 rursus
643 1657 754 1742 irasci,
783 1658 811 1722 si
838 1657 1005 1741 meruerit,
1034 1658 1118 1743 quod
1146 1661 1294 1723 exeratis
1322 1681 1378 1724 ex·

185 1761 324 1825 casabus
346 1759 458 1832 facies.
492 1759 621 1844 remitte
637 1758 758 1844 aliquid
780 1759 1017 1824 adrdesoentiae
1039 1760 1158 1844 ipsius,
1180 1761 1309 1825 remitte
1331 1760 1378 1825 la-

184 1861 313 1947 crimisf
331 1862 459 1927 remitte
480 1861 700 1948 indulgentiae
721 1864 814 1928 tuae:
836 1883 877 1926 ne
897 1861 1028 1926 torseris
1050 1861 1158 1946 illum,
1181 1883 1223 1927 ne
1245 1863 1379 1928 torseris

152 1962 280 2029 letiam
300 1966 344 2029 te.
382 1963 540 2049 torqueris
569 1962 673 2047 enim,
706 1984 778 2028 oum
802 1965 871 2027 tam
900 1962 981 2028 lenis
1010 1963 1168 2030 irasceris.
1202 1985 1315 2030 vereor
1335 1987 1379 2030 na
1393 1989 1417 2029 rs

183 2066 293 2130 videar
318 2087 385 2130 non
411 2087 542 2151 rogare,
574 2065 630 2130 scd
653 2086 782 2150 cogere,
806 2065 833 2129 si
853 2065 1003 2149 precibus
1025 2065 1093 2131 eius
1114 2087 1202 2130 meas
1229 2068 1377 2132 iunxere.

183 2169 316 2253 iungam
343 2171 453 2232 tamen
480 2170 573 2232 tanto
599 2167 725 2252 plenius
754 2169 787 2232 et
814 2166 960 2252 effusius,
994 2171 1115 2252 quanto
1143 2169 1250 2252 ipsum
1269 2168 1380 2255 acrius

184 2271 384 2356 severiusque
407 2269 545 2355 corripui
573 2269 727 2335 destricte
753 2269 896 2335 minatus
923 2291 1099 2355 numquam
1118 2292 1170 2335 me
1193 2273 1308 2356 postca
1329 2292 1381 2336 ro·

184 2375 342 2458 getarum.
376 2373 437 2438 hoc
459 2372 521 2456 illi,
545 2393 639 2456 quem
660 2373 774 2436 terreri
796 2371 980 2457 oportebat,
1003 2372 1065 2437 tibi
1082 2394 1149 2438 non
1170 2372 1267 2438 idem.
1301 2395 1381 2439 nam

182 2475 318 2541 fortasse
339 2476 456 2541 iterum
477 2475 613 2561 rogabo,
636 2474 815 2560 impetrabo
836 2474 967 2540 iterum:
997 2475 1040 2540 sit
1061 2475 1154 2540 modo
1181 2475 1248 2541 tale
1269 2478 1309 2540 ut
1330 2498 1381 2541 ro
1395 2501 1420 2542 20

184 2599 261 2665 gare
282 2599 348 2662 me,
370 2580 407 2643 ut
428 2580 592 2663 praestare
613 2581 646 2643 te
668 2577 790 2643 deceat.
824 2578 905 2643 vale.

729 2746 835 2815 XXII.

530 2869 560 2926 o.
578 2868 724 2921 parmas
743 2869 887 2924 savaao
905 2869 976 2924 suo
995 2870 1022 2925 s.

157 2992 173 3054 1
268 2987 392 3073 Magna
412 3009 464 3052 me
486 2987 700 3052 sollieitudine
722 2987 842 3052 adfecit
860 2987 1018 3053 Passenni
1038 2987 1133 3053 Pauli
1153 2989 1325 3075 valetudo,
1349 2995 1384 3056 et

185 3088 311 3174 quidem
339 3089 485 3174 plurimis
511 3089 755 3174 iustissimisque
784 3089 823 3154 de
852 3090 965 3155 causis.
997 3089 1046 3156 vir
1068 3093 1117 3156 est
1138 3091 1296 3177 optimus,
1326 3093 1384 3158 ho·
1397 3115 1422 3156 aa

253 3351 266 3398 1
285 3349 404 3399 urbanus
422 3363 438 3411 p
456 3349 557 3400 urbani
573 3365 590 3399 a
658 3365 756 3414 meque
774 3349 889 3400 notoriis
907 3350 935 3397 Ii
957 3365 1054 3415 meque
1073 3353 1102 3400 et
1119 3350 1238 3400 notariis
1255 3362 1296 3405 τς

252 3418 319 3468 XXI
337 3418 352 3468 5
370 3423 548 3469 succenseret
565 3417 674 3469 direras
691 3419 714 3466 Β
799 3419 815 3467 6
841 3418 918 3467 fleuit
935 3417 1050 3468 multum
1069 3417 1182 3468 multum
1200 3419 1315 3484 rogauit
1333 3422 1385 3479 lta

186 3486 262 3537 fleuit
279 3484 393 3535 multum
412 3486 523 3550 rogauit
541 3487 603 3549 Dpr
624 3487 702 3536 fleuit
724 3486 839 3535 multum
857 3485 1026 3550 multumque
1049 3486 1163 3551 rogauit
1184 3489 1258 3550 culpo
1368 3491 1384 3539 '1

186 3550 282 3618 etiam]
303 3555 369 3602 etl)
454 3555 470 3604 8
488 3555 677 3619 poenitentiae
700 3554 781 3604 fidem
798 3568 834 3616 pr
918 3557 934 3605 9
951 3554 981 3604 id
1000 3569 1107 3619 quoquc
1125 3555 1184 3604 acio
1203 3555 1278 3609 stra
1295 3555 1382 3621 idque

186 3622 259 3686 quod
276 3622 333 3672 scio
350 3635 385 3683 pr
401 3620 483 3686 idque
501 3622 561 3672 scio
577 3624 600 3671 Β
686 3624 718 3673 10
735 3627 800 3672 tunc
817 3623 968 3688 praecipua
984 3624 1035 3671 Ma
1056 3627 1123 3672 tunc
1141 3636 1251 3688 quoque
1268 3625 1383 3688 pracci-

185 3705 239 3756 pua
257 3703 292 3753 pr
309 3693 375 3740 tune
394 3704 518 3754 quaeque
535 3691 686 3756 praecipua
703 3692 725 3738 Β
794 3686 868 3756 cum]
889 3691 934 3740 cui
951 3692 974 3739 Β
1042 3691 1100 3740 irae
1117 3705 1205 3740 causa
1223 3691 1382 3742 iustissima

185 3763 228 3809 est
246 3773 263 3807 a
279 3759 336 3808 Irae
354 3772 439 3809 causa
458 3772 544 3808 causa
561 3759 711 3808 iustissima
730 3762 773 3808 cst
790 3760 818 3807 Π
843 3758 902 3807 irae
929 3769 1030 3809 causac
1048 3758 1216 3808 iustissimae
1234 3763 1301 3808 sunt
1317 3761 1383 3823 Dpr

253 3828 284 3876 11
303 3824 410 3876 sufficis
427 3840 445 3874 a
524 3828 555 3876 12
574 3826 687 3878 sinesii
756 3829 787 3878 13
805 3826 915 3877 remitte
939 3826 1042 3892 aliquid
1061 3826 1272 3877 adulescentiae
1290 3828 1381 3895 ipsius

185 3911 232 3946 om.
250 3896 278 3943 Π
372 3895 404 3943 14
420 3897 487 3944 tuae
505 3910 552 3946 om.
570 3897 653 3958 Dpra
754 3910 789 3944 ne
807 3895 920 3946 torseris
942 3894 1020 3945 illum
1043 3910 1077 3944 ne
1095 3894 1209 3946 terseris
1237 3895 1325 3944 etiam
1352 3899 1380 3947 te

186 3962 320 4028 torqueris
339 3962 413 4011 enim
430 3964 479 4011 lia
503 3978 538 4012 ne
565 3965 676 4013 torseris
693 3963 777 4012 etiam
799 3967 827 4013 te
845 3964 983 4028 torqueris
999 3965 1022 4012 Β
1047 3979 1082 4013 ne
1099 3963 1215 4013 torserIs
1234 3964 1321 4014 etiam
1345 3979 1379 4014 ne

185 4030 374 4096 torquearisp
400 4029 480 4080 illum
497 4045 531 4080 ne
557 4032 669 4082 torseris
689 4031 770 4081 etiam
788 4035 816 4080 te
834 4032 970 4095 torqueris
988 4033 1060 4080 enim
1077 4044 1112 4090 ις
1210 4032 1242 4081 16
1260 4047 1317 4080 non
1335 4046 1378 4081 ro·

185 4115 252 4164 gare
271 4098 317 4150 scd
336 4113 433 4164 cogere
460 4099 485 4148 si
503 4099 573 4164 (Ipse
600 4102 660 4150 add.
679 4098 725 4163 rs)
753 4099 883 4165 precibus
901 4100 990 4154 birsa
1015 4115 1070 4149 non
1096 4114 1195 4165 rogare
1222 4099 1248 4148 si
1264 4097 1377 4165 jcogerIs

185 4168 244 4231 ipse
263 4166 391 4234 precibus
408 4180 425 4229 p
451 4182 549 4232 rogare
568 4183 598 4218 se
617 4168 724 4234 cogeris
741 4167 800 4232 ipse
819 4168 968 4233 praecibus
984 4170 1007 4217 Β
1076 4169 1108 4218 18
1126 4167 1253 4218 districte
1274 4179 1310 4222 rs

184 4238 218 4286 20
235 4234 387 4300 impetrabo
404 4234 501 4284 iterum
519 4236 547 4283 Ii
563 4235 662 4287 Iterum
679 4235 834 4301 impetrabo
851 4238 936 4299 Dpra
1015 4234 1062 4302 sit]
1081 4236 1106 4285 si
1121 4238 1144 4284 Β
1228 4239 1261 4285 ut
1278 4250 1375 4301 rogare

185 4319 228 4354 me
246 4309 277 4354 ut
295 4307 438 4368 praestare
456 4307 484 4353 te
502 4304 551 4354 lia
568 4308 598 4354 ut
616 4318 714 4370 rogare
730 4319 773 4355 me
792 4308 820 4353 et
836 4309 863 4354 te
881 4304 910 4354 id
928 4307 1071 4370 praestare
1089 4316 1125 4360 rs
1150 4306 1182 4353 ut
1204 4318 1331 4369 rogarem
1348 4307 1375 4354 et

185 4376 215 4421 ut
233 4374 376 4437 praestare
393 4385 410 4433 1>
427 4376 459 4421 ut
477 4387 601 4437 rogarem
621 4376 649 4422 et
668 4373 725 4438 egit
742 4377 887 4437 praestare
904 4375 927 4422 Β

252 4439 332 4490 XXII
348 4441 382 4490 24
400 4439 508 4490 adfecit
525 4442 553 4495 H
638 4441 762 4506 passiani
778 4441 846 4504 lipr
862 4441 1012 4506 passienim
1028 4443 1050 4490 Β
1069 4439 1201 4500 Passenis
1219 4455 1250 4492 a:
1276 4441 1312 4504 cf.
1334 4438 1372 4488 VI

186 4561 260 4618 15,1
329 4558 454 4610 ualitudo
472 4560 500 4607 Π
568 4560 601 4610 25
618 4525 839 4624 iustissimisque
856 4561 884 4608 Π
951 4556 1122 4626 uir]uiae1>
