3024 5062
643 269 850 317 PRAEFATIO.
1219 271 1345 318 XXXVII

147 444 214 487 nuo
254 421 425 505 expressit,
460 423 516 487 sed
548 423 682 487 Avantii
715 423 886 487 editionem
922 423 1041 507 partim
1069 445 1107 487 ex
1136 422 1285 488 Beroaldi
1313 428 1346 489 et

148 523 305 590 Catenaei
328 523 563 608 exemplaribus
585 524 703 607 partim
725 524 817 588 novis
841 524 1033 588 coniecturis
1057 528 1232 590 correctam
1256 548 1345 610 repe-

147 625 230 689 tivit.
268 648 344 690 nam
366 647 404 689 ea
426 647 507 709 quae
530 626 624 689 aliter
644 626 680 689 in
708 625 829 690 Aldina
860 626 998 690 editione
1021 629 1116 710 atque
1144 627 1179 690 in
1206 626 1345 692 11111111-

147 727 301 791 hibentur
316 727 362 791 ita
379 729 563 811 comparata
579 729 654 791 sunt
676 727 799 810 omnia,
822 731 859 792 ut
880 728 1063 795 coniectura
1085 731 1191 812 potius
1212 729 1345 794 inventa

147 851 241 912 quam
266 851 282 892 e
305 828 413 893 codice
440 829 587 912 profecta
610 851 678 893 esse
701 829 913 893 existimanda
944 830 1020 894 sint.
1058 833 1091 893 11
1117 829 1255 912 plurima
1278 833 1344 914 qui·

147 930 219 994 dem
241 930 277 994 in
298 930 406 1013 pravis
429 933 461 993 11
483 930 659 994 temerariis
689 931 992 1014 interpolationibus
1020 935 1205 1013 versantur,
1234 933 1344 1014 paucis

145 1031 225 1095 locis
247 1031 367 1094 leviora
389 1031 544 1115 quaedam
572 1032 714 1114 priorum
737 1032 913 1095 editionum
941 1033 1020 1094 vitia
1048 1033 1256 1114 probabiliter
1280 1056 1345 1097 cor-

148 1136 248 1197 recta.
272 1134 358 1196 sunt.
400 1153 497 1215 quare
530 1135 566 1195 ut
599 1131 695 1195 iniis
730 1131 875 1216 epistulis
908 1154 988 1216 quae
1011 1133 1051 1197 ab
1076 1132 1217 1198 Avantio
1241 1134 1343 1198 editae
1418 1152 1426 1166 ·

148 1237 241 1298 erant
262 1234 316 1298 vix
339 1233 507 1317 quicquam
530 1235 606 1296 11111
628 1233 712 1317 quod
740 1255 756 1296 e
780 1234 886 1297 codice
909 1233 1045 1317 petitum
1069 1235 1112 1298 sit
1134 1235 1268 1318 accesit,
1298 1235 1344 1299 ita

145 1337 242 1400 facile
264 1334 464 1419 intellegitur
485 1334 520 1398 in
542 1335 582 1398 iis
604 1357 737 1419 quarum
759 1336 863 1399 omnis
890 1337 1043 1399 memoria
1071 1336 1112 1399 ab
1135 1335 1254 1400 Aldina
1282 1337 1345 1401 edi-

145 1437 236 1502 tione
263 1436 403 1521 petenda
435 1439 484 1501 est
525 1437 625 1500 multo
658 1437 764 1501 minus
804 1439 967 1518 accurate,
1004 1458 1098 1520 quam
1133 1438 1173 1501 ab
1204 1439 1344 1501 Avantio

146 1539 269 1603 factum
292 1541 376 1621 erat,
402 1537 542 1602 codicem
565 1559 750 1622 expressum
772 1559 850 1602 esse.

230 1638 376 1725 Denique
399 1661 437 1702 ex
459 1638 499 1702 iis
521 1639 576 1723 qui
597 1640 672 1723 post
687 1639 805 1703 Aldum
820 1639 878 1703 has
895 1639 1049 1722 epistulas
1065 1640 1233 1705 ediderunt
1248 1663 1342 1705 nemo

145 1763 229 1807 novo
251 1741 368 1805 codicis
392 1727 578 1825 apogra'pho
601 1763 675 1804 usus
698 1744 761 1822 est,
785 1741 840 1804 sed
861 1740 1016 1805 Aldinam
1039 1741 1211 1806 editionem
1233 1764 1342 1806 omnes

148 1844 250 1909 secuti
279 1846 364 1907 sunt.
413 1865 495 1907 unus
525 1842 705 1908 Catenaeus
733 1843 769 1905 in
797 1842 936 1907 editione
965 1844 1104 1907 secunda
1131 1868 1158 1908 a.
1184 1844 1265 1908 1518
1288 1845 1340 1908 de-

145 1946 281 2029 scriptas
309 1945 347 2008 de
375 1944 591 2008 vetustissimo
622 1944 729 2008 codice
758 1944 943 2028 germanico
964 1945 1071 2028 plures
1100 1947 1138 2009 ad
1167 1944 1341 2009 Traianum

145 2046 298 2132 epistulas
321 2068 355 2110 se
377 2045 527 2127 habuisse
550 2045 646 2129 dixit3
680 2045 842 2130 intellegit
872 2049 977 2110 autem
1007 2047 1147 2111 codicem
1176 2047 1210 2109 in
1233 2046 1340 2111 Gallia

143 2150 321 2233 repertum:
341 2147 382 2211 cf.
396 2169 428 2231 p.
442 2146 561 2211 XXIV.
579 2146 634 2211 sed
650 2169 690 2210 ne
702 2145 777 2222 huic
789 2147 917 2231 quidem
933 2148 1148 2213 adfirmationi
1156 2149 1229 2232 ‚plus
1242 2137 1341 2213 1111111-

144 2251 261 2316 endum
284 2255 348 2331 est,
378 2271 473 2333 quam
501 2250 541 2312 iis
569 2271 648 2333 quae
676 2251 711 2313 in
739 2248 844 2334 priore
872 2250 1010 2315 editione
1042 2251 1226 2334 scripserat.
1265 2274 1341 2314 nam

145 2354 229 2417 sicut
250 2352 285 2416 in
307 2351 363 2414 illa
388 2351 567 2435 principem
591 2350 764 2415 editionem
787 2354 1002 2435 expresserat,
1033 2352 1085 2416 ita
1106 2353 1140 2416 in
1168 2352 1230 2416 hac
1253 2352 1339 2417 Aldi-

143 2476 220 2518 nam
243 2453 434 2518 coniecturis
458 2452 508 2516 vel
530 2452 595 2516 suis
616 2452 668 2516 vel
690 2452 855 2517 doctorum
881 2453 1037 2536 virorum,
1062 2475 1194 2538 quorum
1210 2454 1342 2518 nomina

143 2555 165 2618 l.
195 2578 222 2620 c.
257 2554 447 2639 appellavit,
488 2553 541 2617 hic
569 2553 636 2616 illic
663 2556 820 2622 mutatam
860 2554 1009 2638 repetivit
1040 2577 1143 2639 neque
1171 2555 1340 2639 quicquam

142 2657 219 2721 novi
241 2679 258 2720 e
282 2657 389 2721 codice
412 2655 556 2740 protulit.
847 2732 849 2736 Ι

227 2756 385 2842 Pleraque
409 2780 447 2821 ex
469 2756 622 2840 hisquae
651 2757 717 2821 dixi
738 2757 763 2821 I.
788 2757 822 2822 Ο.
847 2758 985 2823 01111111
1007 2758 1041 2821 in
1064 2757 1199 2821 historia
1228 2759 1339 2823 critica

141 2859 348 2945 epistolarum
355 2858 451 2923 Plinii
465 2859 642 2922 etTraiani
654 2881 752 2944 usque
767 2860 806 2924 ad
820 2882 848 2924 a.
858 2859 984 2924 MDLII
995 2859 1103 2924 'Punici
1116 2883 1144 2923 a.
1158 2860 1237 2924 1833
1254 2861 1339 2924 edita

141 2964 289 3026 accurate
311 2960 464 3045 exposuit.
503 2982 694 3044 quamquam
714 2962 741 3025 is
757 2962 986 3046 antiquissimis
1003 2962 1194 3026 editionibus
1209 2964 1338 3045 practer

142 3062 360 3127 Avantianam
384 3066 416 3126 et
437 3062 589 3127 Aldinam
613 3066 708 3146 atque
736 3064 797 3147 ipsi
820 3064 958 3128 Aldinae
986 3063 1136 3128 maiorem
1161 3087 1256 3148 quarn
1282 3087 1339 3147 par

142 3168 192 3230 est
213 3165 436 3230 auctoritatem
458 3164 581 3228 tribuit.
620 3186 697 3228 nam
719 3165 798 3229 illud
820 3165 881 3230 hac
897 3167 1113 3250 disputatione
1130 3168 1336 3250 comprobare

141 3266 248 3350 volui,
278 3287 405 3351 omnem
428 3265 544 3329 veteris
567 3268 743 3349 scripturae
772 3254 957 3332 memoriam
984 3270 1019 3331 in
1047 3269 1169 3332 duabus
1192 3269 1338 3333 editioni-

140 3369 200 3432 bus
222 3390 299 3452 quas
322 3366 386 3431 dixi
409 3367 548 3450 positam
564 3389 648 3448 esse,
672 3367 708 3431 in
729 3368 768 3431 iis
792 3371 898 3433 autem
914 3369 1059 3452 epistulis
1082 3391 1159 3453 quas
1175 3371 1334 3435 Aventius

141 3470 241 3533 edidit
262 3469 336 3533 huic
359 3469 416 3533 uni
443 3468 538 3532 fidem
562 3468 687 3551 deberi,
715 3469 750 3532 in
779 3470 818 3533 iis
848 3492 925 3553 quas
953 3475 1065 3554 postea
1092 3471 1193 3535 Aldus
1223 3472 1339 3536 adiecit

140 3569 227 3634 illius
250 3569 422 3634 editionem
444 3570 589 3653 quamvis
612 3570 861 3654 interpolatione
878 3571 1042 3636 editorisa
1065 3573 1183 3637 codicis
1205 3573 1337 3658 integri·

140 3676 208 3738 tate
224 3672 379 3737 deflexam
394 3673 589 3756 sequendam
604 3694 681 3736 esse.
712 3672 820 3756 itaque
834 3674 998 3757 utriusque
1014 3673 1162 3738 editionis
1176 3675 1337 3760 integram

141 3775 334 3859 scripturam
363 3772 491 3838 exhibui
521 3775 645 3837 omissis
674 3774 800 3857 quidem
827 3775 867 3838 iis
896 3797 976 3858 quae
1006 3776 1045 3839 ad
1073 3777 1336 3860 orthographiam

139 3879 305 3959 spectant,
329 3875 364 3939 in
387 3897 448 3959 qua
471 3897 562 3938 suum
585 3864 745 3938 scribendi
760 3897 894 3957 morem,
917 3898 983 3940 non
1007 3877 1123 3940 codicis
1146 3878 1336 3961 scripturam

140 3978 276 4042 editores
298 3972 400 4040 secuti
422 3980 508 4040 sunt.
540 3980 572 4040 et
587 3978 737 4060 quoniam
752 3976 910 4060 posterior
925 3978 1132 4061 epistularum
1147 4002 1229 4063 para,
1253 3981 1337 4046 sieut

141 4080 223 4161 dixi,
246 4079 282 4142 in
304 4078 425 4142 Aldina
448 4079 586 4143 editione
609 4101 647 4143 ex
669 4079 815 4168 principe
838 4101 987 4162 expressa
1008 4083 1072 4162 est,
1095 4081 1128 4144 in
1153 4081 1335 4165 discrepan-

140 4182 187 4245 tia
209 4179 380 4244 indicanda
401 4181 462 4244 hac
483 4202 559 4244 usus
587 4203 656 4245 sum
683 4181 825 4262 ratione,
860 4185 916 4264 ut,
951 4182 1005 4245 ubi
1039 4184 1150 4246 ambae
1179 4183 1335 4249 editiones

139 4285 224 4348 inter
239 4303 273 4345 se
290 4281 524 4364 consentirent,
549 4281 686 4346 Aldinae
702 4282 851 4346 editionis
872 4283 1031 4367 scriptura
1046 4306 1113 4347 non
1127 4285 1332 4370 indicaretur,

137 4384 193 4448 sed
215 4406 280 4447 una
302 4392 333 4446 A
353 4383 478 4466 littera,
502 4405 596 4466 quam
611 4383 814 4448 Avantianae
836 4386 945 4448 notam
968 4407 1036 4450 esse
1058 4385 1159 4470 volui,
1182 4387 1236 4452 ille
1260 4411 1333 4453 con-

137 4507 250 4550 sensus
271 4485 489 4568 indicaretur,
517 4486 571 4549 ubi
594 4485 818 4567 dissentirent,
847 4485 984 4550 Aldinae
1007 4488 1185 4572 scripturae
1206 4512 1227 4554 a
1249 4490 1333 4554 litte·
