3024 5062
707 282 736 331 C.
761 283 857 332 PLINI

725 522 833 586 XHII.

517 643 546 694 o.
567 644 713 695 Parmos
732 643 905 695 ssrsroru
924 644 994 695 suo
1014 646 1041 696 s.

157 759 171 821 1
268 762 347 826 Cum
370 761 413 823 sis
435 760 646 843 peritissimus
669 763 701 824 et
728 761 846 844 privati
868 761 946 824 iuris
969 762 1001 824 et
1023 762 1160 845 publici,
1191 763 1280 826 cuius
1302 783 1378 845 pars

184 864 380 929 senatorium
408 864 470 944 est,
506 861 599 944 cupio
627 883 664 924 ex
692 863 725 924 te
753 862 954 945 potissimum
983 863 1107 946 audire,
1143 863 1315 926 erraverim
1343 864 1377 926 in

184 969 298 1030 senatu
324 964 466 1048 proxime
494 984 611 1046 necne,
645 985 711 1026 nou
739 966 775 1026 ut
808 964 843 1030 in
870 965 1079 1046 praeteritum
1114 964 1234 1048 (serum
1266 965 1404 1048 enim),5

154 1065 292 1132 Bverum
307 1071 342 1130 ut
363 1067 398 1129 in
421 1065 578 1144 futurum,
601 1066 706 1149 siquid
720 1066 823 1129 simile
843 1065 1009 1148 inciderit,
1034 1066 1171 1130 erudiar.
1207 1066 1293 1130 dices
1309 1071 1379 1129 ‘cur

184 1171 308 1252 quaeris
323 1168 407 1251 quod
422 1189 515 1231 nosse
531 1168 668 1231 debebas
675 1167 715 1231 ?'.
739 1169 881 1251 priorum
902 1170 1083 1252 temporum
1098 1168 1233 1232 servitus
1248 1171 1285 1231 ut
1301 1167 1378 1230 alia·

183 1294 253 1334 rum
275 1270 467 1353 optimarum
483 1269 601 1332 artium
617 1269 664 1333 sic
685 1269 782 1332 etiam
798 1270 876 1333 iurls
892 1270 1048 1333 senatorii
1063 1270 1255 1334 oblivionem
1278 1291 1378 1353 quau·

153 1369 256 1435 3dam
279 1374 311 1435 et
332 1371 551 1454 ignorantiam
573 1370 710 1435 induxit.
745 1374 860 1454 quotus
883 1371 969 1435 enim
991 1373 1124 1456 quisque
1146 1374 1214 1435 tam
1236 1371 1376 1454 patieuS,

183 1477 220 1537 ut
239 1474 317 1537 velit
339 1473 460 1536 discere
482 1473 564 1556 quod
586 1473 621 1535 in
643 1494 702 1536 usu
723 1493 789 1536 non
811 1473 853 1536 sit
874 1473 1065 1537 habiturus?
1087 1474 1166 1537 adde
1188 1473 1271 1557 quod
1295 1471 1378 1535 diffi-
1392 1490 1416 1529 10

184 1574 243 1638 cile
271 1578 320 1638 est
346 1576 457 1638 tenere
484 1596 566 1658 quae
596 1575 773 1658 acceperis,
808 1575 872 1638 nisi
900 1596 1064 1657 exerceas.
1110 1575 1217 1659 itaque
1246 1572 1379 1638 ¹reducta

183 1677 313 1741 libertas
335 1676 429 1739 rudes
451 1697 510 1738 nos
533 1678 566 1738 et
586 1675 743 1759 inperitos
765 1675 992 1759 deprehendit3
1021 1677 1109 1740 cuius
1132 1676 1300 1740 dulcedine
1329 1697 1378 1738 ac·

153 1775 271 1842 deensi
302 1777 446 1861 cogimur
473 1777 629 1860 quaedam
664 1776 770 1840 facere
797 1779 872 1840 ante
900 1799 997 1860 quam
1024 1799 1129 1842 nosse.
1174 1780 1244 1842 erat
1271 1779 1378 1841 autem

184 1880 361 1962 antiquitus
388 1878 572 1941 institutum
599 1880 635 1940 ut
669 1899 688 1940 a
715 1878 889 1942 maioribus
918 1882 998 1942 natu
1029 1901 1096 1942 non
1124 1880 1254 1943 auribus
1284 1879 1378 1942 modo

183 2002 293 2044 verum
321 1980 418 2043 etiam
447 1979 546 2049 oculis
575 1979 767 2043 disceremus
791 2001 871 2062 quae
893 1979 1042 2044 facienda
1063 2002 1138 2044 mox
1165 1981 1227 2065 ipsi
1256 2001 1293 2044 ac
1321 2002 1379 2063 per
1391 1995 1413 2034 1⁵

153 2080 267 2145 {avices
282 2081 436 2165 quasdam
458 2080 613 2143 tradenda
626 2081 803 2144 minoribus
817 2080 1016 2145 haberemus.
1055 2081 1130 2146 inde
1146 2081 1378 2146 adulescentuli

183 2183 293 2246 statim
309 2182 524 2245 castrensibus
540 2182 709 2265 stipendiis
731 2183 972 2266 imbuebantur,
994 2186 1031 2247 ut
1050 2183 1207 2267 imperare
1222 2184 1376 2267 parendo,

183 2285 278 2348 duces
301 2305 413 2368 agere,
436 2283 511 2346 dum
533 2286 702 2367 secuntur,
727 2283 967 2349 adsuescerent:
989 2285 1065 2348 inde
1086 2285 1223 2349 horrores
1246 2285 1378 2369 petituri

184 2385 383 2449 adsistebant
399 2385 504 2450 curiae
519 2385 640 2449 foribus
657 2389 689 2449 et
705 2385 830 2450 consilii
845 2386 966 2470 publici
981 2388 1177 2469 spectatores
1189 2390 1266 2450 ante
1282 2408 1377 2470 quam

153 2488 346 2551 boonsortes
363 2490 464 2551 erant.
499 2510 574 2551 suus
590 2489 702 2572 cuique
717 2510 833 2571 parens
850 2511 908 2572 pro
923 2489 1097 2573 magistro,
1121 2491 1177 2552 aut
1193 2489 1244 2552 cui
1259 2509 1376 2572 parens
1389 2504 1411 2544 20

182 2611 248 2653 non
271 2592 352 2671 erat,
382 2589 539 2652 maximus
560 2589 692 2672 quisque
721 2592 754 2653 et
775 2589 1008 2654 vetustissimus
1030 2611 1088 2674 pro
1116 2593 1261 2674 parente.
1297 2611 1377 2674 quae

183 2693 325 2775 potestas
347 2687 575 2773 referentibus,
606 2691 689 2774 quod
713 2691 916 2754 censentibus
937 2692 1003 2775 ius,
1033 2713 1114 2775 quae
1136 2692 1184 2756 vis
1206 2692 1376 2776 magistra-

182 2793 283 2874 tibus,
306 2814 387 2875 quae
404 2793 517 2857 ceteris
531 2791 678 2875 libertas,
695 2793 749 2856 ubi
765 2792 950 2876 cedendum,
974 2793 1030 2857 ubi
1044 2794 1269 2877 resistendum,
1294 2793 1376 2878 quod

184 2893 298 2957 silendi
319 2899 461 2977 tempus,
485 2893 556 2978 quis
578 2892 702 2957 dicendi
719 2895 847 2977 modus,
871 2916 952 2978 quae
975 2895 1139 2960 distinctio
1161 2896 1376 2979 pugnantium

184 2995 430 3078 sententiarum,
445 3018 526 3079 quae
543 2997 702 3059 exsecutio
717 2996 876 3079 prioribus
893 2995 1012 3080 aliquid
1027 2997 1227 3080 addentium,
1249 3018 1376 3062 omnem
1387 3011 1409 3050 a

184 3097 320 3181 denique
343 3098 538 3162 senatorium
555 3119 689 3181 morem,
713 3099 796 3182 quod
819 3082 1006 3163 fidissimum
1021 3098 1240 3183 praecipiendi
1263 3120 1375 3182 genus,

155 3199 336 3282 Texemplis
359 3199 564 3263 docebantur.
605 3202 639 3263 at
661 3221 720 3262 nos
741 3201 872 3263 iuvenes
894 3199 1012 3264 fuimus
1035 3201 1162 3285 quidem
1189 3201 1224 3264 in
1248 3201 1377 3284 castris3

184 3301 239 3364 sed
262 3322 333 3364 cunr
355 3304 503 3384 suspecta
526 3301 645 3384 virtus,
677 3301 795 3365 inertia
816 3302 852 3365 iu
874 3303 992 3385 pretio,
1018 3324 1090 3366 cum
1113 3302 1246 3377 ducibus
1270 3305 1377 3366 aucto-

183 3401 262 3464 ritas
278 3402 383 3485 nulla,
407 3403 496 3467 nulla
517 3403 673 3467 militibus
687 3404 895 3487 verecundia,
919 3426 1078 3488 nusquam
1093 3404 1279 3488 imperium,
1303 3425 1377 3468 nus·

183 3525 278 3587 quam
300 3504 504 3589 obsequium,
528 3505 636 3568 omnia
659 3506 779 3588 soluta,
803 3507 933 3570 turbata
955 3508 1051 3591 atque
1073 3505 1171 3570 etiam
1192 3507 1227 3570 in
1251 3509 1410 3570 contra-³⁰

251 3729 333 3779 XIIII
350 3731 365 3778 2
383 3727 581 3779 ARISTONIO
601 3728 670 3780 SUO
688 3730 716 3776 Μ
766 3724 877 3794 Spore]
902 3745 952 3794 par
969 3745 986 3778 s
1032 3729 1182 3779 ‘Idebebas
1195 3729 1220 3779 Ι.
1234 3730 1264 3779 F.
1279 3730 1377 3781 Graue

184 3799 237 3847 utus
255 3796 358 3848 debeas
376 3799 425 3844 Ma
476 3798 527 3845 ‘De
546 3814 594 3862 prro
612 3804 725 3861 tempore
743 3799 793 3850 Pu.
815 3799 842 3847 ia
859 3799 934 3862 epist.
952 3799 990 3847 ita
1006 3799 1087 3863 inquit
1101 3797 1171 3861 (221,
1184 3800 1211 3858 2)
1231 3799 1376 3862 Perspexi-

185 3880 243 3913 mus
263 3865 378 3914 curiam:
409 3864 457 3913 sed
482 3865 586 3914 curtam
613 3863 746 3929 trepidam
771 3869 799 3914 et
823 3864 974 3930 elinguem:
1001 3881 1062 3915 cum
1089 3865 1178 3915 dicere
1199 3866 1270 3930 quod
1288 3866 1376 3915 uelles

185 3932 381 3995 periculosumr
401 3932 471 3996 quod
488 3931 577 3981 nolles
596 3933 725 3982 miserum
743 3937 827 3983 esset.
851 3933 888 3982 Er
904 3934 995 3983 ibidem
1013 3933 1135 3982 Priorum
1161 3961 1196 3970 -
1223 3933 1375 3983 binduxit'

184 4000 304 4049 Budaeus
322 4006 407 4051 annot.
426 4001 452 4048 iu
469 4001 588 4063 pandect.
605 4001 626 4064 f.
645 4003 678 4049 52
696 4018 718 4051 u.
743 4003 784 4051 ed.
804 4002 910 4051 Aseeas.
930 4018 955 4050 a.
976 4004 1042 4050 1518
1111 4001 1332 4064 bignorantiam
1350 4003 1378 4049 Μ

184 4076 208 4116 er
227 4067 347 4117 Budaeus
365 4068 564 4131 Ignorationem
583 4083 599 4115 a
669 4071 700 4119 13
718 4069 802 4118 ‘Idem
820 4070 883 4118 libro
901 4085 967 4119 nono
986 4070 1022 4117 ad
1039 4070 1184 4118 Aristonem
1203 4068 1262 4130 (sed
1278 4071 1304 4118 ia
1323 4071 1376 4132 epi·

183 4138 250 4184 stola
267 4140 440 4199 nroouserz'pra
458 4152 522 4200 quae
539 4139 612 4201 culpo
631 4152 681 4185 noa
698 4139 831 4200 reperitur
848 4145 875 4185 ul
893 4144 917 4186 el
936 4138 1002 4186 aliae
1021 4153 1070 4186 uon
1081 4136 1192 4200 paucae)
1211 4139 1242 4187 de
1261 4138 1317 4187 iure
1335 4153 1387 4186 se··

185 4205 284 4252 notorio
303 4207 408 4268 loquens
425 4207 462 4254 itu
480 4206 569 4269 inquit.
600 4206 669 4253 Erat
687 4231 720 4239 -
738 4207 770 4254 25
790 4204 961 4253 addentium’
986 4203 1108 4254 Budaeus
1125 4205 1146 4267 f.
1165 4207 1199 4253 54
1270 4201 1373 4270 sutem]

185 4275 250 4320 ante
268 4273 295 4318 Μ
365 4273 395 4321 16
415 4273 547 4336 quasdam
570 4290 616 4323 om.
635 4273 757 4322 Budaeus
826 4273 857 4321 21
883 4276 1006 4322 eratum.
1026 4274 1053 4319 Μ
1122 4269 1266 4338 maxImus]
1286 4274 1376 4337 proxi-

185 4353 243 4386 mus
262 4340 429 4390 Mourmseaus
514 4343 546 4390 22
565 4340 637 4405 quod
654 4342 698 4390 ius
716 4341 893 4390 censentibus
916 4355 987 4403 quae
1010 4339 1132 4390 Budaeus
1217 4342 1251 4390 24
1268 4340 1377 4390 silentii

185 4405 306 4456 Budaeus
324 4422 341 4455 a
426 4409 474 4471 qui
491 4408 600 4458 dicendi
617 4408 739 4458 Budaeus
825 4409 857 4458 26
876 4407 1063 4458 fidelissimum
1081 4423 1097 4456 a
1184 4407 1376 4472 praecipiendi

184 4476 255 4538 vulpe
273 4476 445 4539 percipiendi
461 4477 511 4524 Ha
595 4479 628 4527 27
647 4477 681 4526 ad
699 4491 748 4527 nos
767 4478 794 4523 Μ
879 4478 912 4527 28
935 4491 996 4526 cum
1018 4477 1148 4541 inspecta
1164 4477 1191 4524 Μ
1277 4479 1311 4527 30
1329 4476 1375 4526 ad·

185 4556 239 4607 que
257 4544 285 4590 Μ
