3024 5062
199 269 262 334 360
720 285 750 332 c.
774 285 871 332 rnrnr

198 437 307 503 multis
336 442 513 522 antepone,
547 437 629 522 quod
658 437 734 502 licet
761 438 855 503 nobis
883 441 917 502 et
944 439 979 502 in
1006 437 1217 523 praeteritum
1239 438 1278 503 de
1300 438 1395 503 malis

198 540 444 625 imperatoribus
468 539 583 604 cotidie
611 539 768 603 vindicari
798 544 831 605 et
852 541 977 604 futuros
1003 542 1061 605 sub
1084 539 1230 625 exemplo
1252 562 1395 625 praemo-

200 664 275 708 nere
297 643 421 706 nullum
442 641 561 725 locum,
588 642 713 706 nullum
742 663 809 707 esse
831 645 973 726 tempus,
1002 663 1064 727 quo
1085 642 1286 707 funestorum
1308 642 1396 726 prin-

202 745 307 829 cipum
319 766 429 808 manes
443 766 462 808 a
483 747 682 828 posterorum
703 744 958 809 execrationibus
971 743 1210 829 conquiescant.
1242 754 1396 829 quocon-

201 847 351 931 stantius,
362 850 470 931 patres
483 845 667 930 conscripti,
686 849 719 910 et
734 845 857 910 dolores
872 848 999 910 nostros
1017 850 1050 911 et
1066 845 1184 930 gaudia
1196 846 1397 932 proferamus
1423 867 1449 920 s,

203 998 210 1013 .
225 998 232 1013 .
248 998 255 1011 .
268 948 515 1033 ingemiscamus
528 947 592 1012 illis
605 968 685 1032 quac
697 948 908 1031 patiebamur.
926 947 1021 1012 simul
1033 952 1202 1032 utrumque
1213 946 1398 1012 faciendum

202 1053 251 1115 est
268 1051 326 1115 sub
344 1050 427 1114 bono
443 1050 599 1134 principe.
631 1050 692 1114 hoc
708 1053 829 1115 secreta
845 1053 965 1133 nostra,
982 1049 1044 1114 hoc
1055 1070 1217 1113 sermones
1232 1048 1294 1113 hoc
1309 1049 1399 1133 ipsae

202 1152 379 1237 gratiarum
402 1152 544 1216 actiones
567 1154 669 1236 agant
690 1151 957 1236 meminerintque
980 1152 1027 1216 sic
1041 1151 1180 1216 maxime
1201 1150 1328 1215 laudari
1351 1151 1399 1214 in-

203 1254 358 1319 columem
379 1253 621 1337 imperatorem,
658 1254 684 1318 si
707 1253 829 1338 priores
858 1275 948 1318 secus
976 1253 1083 1318 meriti
1109 1251 1398 1337 reprehendantur.

202 1378 278 1419 nam
301 1376 372 1419 eum
395 1355 434 1419 de
463 1355 547 1419 malo
575 1354 722 1439 principe
749 1356 870 1439 posteri
892 1358 1018 1438 tacent,
1047 1353 1256 1418 manifestum
1279 1357 1330 1419 est
1351 1376 1400 1418 ea·
1415 1375 1438 1415 rc

152 1457 275 1525 uadem
297 1457 404 1521 facere
427 1460 640 1541 praesentem.
689 1460 722 1520 et
749 1456 820 1541 quis
848 1457 914 1520 iarn
936 1457 1024 1521 locus
1046 1455 1181 1520 miserae
1207 1455 1400 1521 adulationis

203 1559 357 1623 manebat
378 1557 528 1642 ignarus,
553 1578 625 1621 cum
646 1557 757 1623 laudes
779 1559 1008 1642 imperatorum
1035 1558 1117 1622 ludis
1140 1557 1239 1622 etiam
1262 1560 1296 1622 et
1318 1579 1401 1623 com·

203 1658 412 1723 missionibus
435 1659 689 1742 celebrarentur,
720 1659 915 1724 saltarentur
937 1662 1032 1744 atque
1054 1659 1089 1723 in
1111 1680 1206 1724 omne
1227 1658 1401 1724 ludibrium

204 1760 394 1825 effeminatis
421 1761 552 1825 vocibus
579 1761 682 1825 modis
709 1762 854 1845 gestibus
882 1759 1134 1847 frangerentur?
1166 1761 1222 1825 sod
1251 1760 1332 1825 illud
1352 1762 1401 1826 in·

205 1863 356 1948 dignum,
386 1862 469 1947 quod
498 1862 608 1926 eodem
635 1865 779 1947 tempore
808 1863 842 1928 in
866 1867 980 1928 senatu
1002 1866 1036 1928 et
1061 1863 1097 1928 in
1125 1884 1259 1946 scaena,
1291 1863 1332 1928 ab
1354 1863 1401 1927 hi·
1416 1886 1440 1927 15

205 1965 325 2029 stricne
348 1967 381 2028 et
403 1988 421 2028 a
444 1965 573 2030 consule
594 1965 820 2032 laudabantur.
850 1969 888 2030 tu
908 1964 1020 2050 procul
1043 1988 1062 2029 a
1083 1965 1131 2030 tui
1153 1965 1241 2030 cultu
1263 1965 1402 2031 ludicras

206 2070 291 2131 artes
312 2066 485 2132 removisti.
524 2068 606 2132 seria
628 2089 705 2153 ergo
726 2072 759 2132 te
783 2068 926 2132 carmina
948 2068 1112 2151 honorque
1128 2070 1280 2132 aeternus
1302 2089 1403 2132 anna-

205 2168 300 2252 lium,
324 2191 390 2232 non
412 2168 492 2233 haec
507 2170 613 2234 brevis
636 2173 668 2234 et
689 2169 839 2255 pudenda
861 2169 1057 2256 praedicatio
1080 2169 1171 2234 colit:
1205 2169 1403 2253 quinetiam

205 2273 297 2334 tanto
312 2270 432 2334 maiore
455 2291 612 2335 consensu
633 2272 669 2335 in
690 2271 930 2336 venerationem
958 2271 1005 2336 tui
1031 2270 1160 2335 theatra
1181 2271 1253 2355 ipsa
1276 2293 1403 2336 consur-

207 2375 302 2458 gent,
326 2375 574 2458 quantomagis
597 2373 635 2437 de
657 2376 689 2438 te
712 2395 847 2438 scaenae
869 2373 1019 2438 silebunt.
1057 2372 1113 2437 sed
1134 2372 1211 2458 quid
1233 2394 1294 2458 ego
1317 2372 1441 2443 istudao

208 2474 362 2558 admiror,
387 2496 458 2538 curn
481 2496 534 2538 eos
558 2496 680 2560 quoque
696 2475 832 2540 honores
848 2476 902 2560 qui
925 2475 984 2539 tibi
1006 2497 1025 2538 a
1047 2475 1140 2539 nobis
1155 2474 1335 2539 offeruntur
1350 2478 1405 2540 aut

208 2576 348 2642 delibare
369 2575 556 2660 parcissime
579 2579 635 2641 aut
657 2577 787 2642 omnino
809 2576 912 2642 soleas
934 2575 1104 2641 recusare?
1131 2574 1215 2641 nihil
1237 2578 1315 2640 ante
1336 2578 1404 2641 tam

207 2679 356 2765 vulgare,
380 2681 447 2741 tam
469 2700 602 2763 parvum
625 2679 661 2744 in
683 2683 797 2744 senatu
813 2679 986 2765 agebatur,
1009 2680 1046 2742 ut
1067 2699 1133 2742 non
1153 2677 1301 2743 laudibus
1316 2678 1405 2763 prin·

209 2782 315 2865 cipum
337 2780 584 2846 immorarentur
599 2781 849 2866 quibuscumque
865 2780 1017 2846 censendi
1031 2781 1206 2845 necessitas
1222 2780 1403 2847 accidisset.
1424 2844 1426 2849 .

139 2915 143 2922 ·
209 2884 248 2947 de
276 2881 459 2966 ampliando
486 2904 617 2947 numero
645 2883 860 2968 gladiatorum
888 2886 944 2947 aut
975 2882 1014 2947 de
1041 2882 1240 2948 instituendo
1268 2883 1440 2969 collegioa

208 2985 372 3050 fabrorum
400 2984 643 3049 consulebamur
675 2988 707 3049 ct
737 2985 828 3070 quasi
857 2985 990 3071 prolatis
1017 2985 1145 3070 imperii
1171 2985 1291 3050 finibus
1319 3007 1405 3050 nunc

209 3087 360 3173 ingentes
383 3108 477 3151 arcus
499 3109 744 3172 excessurosque
766 3086 960 3172 templorum
974 3086 1294 3175 fastigiumtitulos,
1318 3109 1405 3152 nunc

210 3211 336 3256 menses
367 3189 464 3254 etiam
492 3210 552 3253 nec
584 3187 643 3253 hos
677 3188 819 3274 singulos
850 3189 975 3253 nomini
1003 3187 1175 3254 Caesarum
1208 3189 1404 3255 dicebamus.

210 3292 420 3377 patiebantur
440 3291 488 3355 illi
511 3293 560 3374 et,
584 3290 674 3375 quasi
690 3290 898 3374 meruissent,
921 3290 1137 3355 laetabantur.
1175 3293 1210 3354 at
1224 3313 1314 3356 nunc
1335 3292 1404 3377 quis

211 3397 357 3459 nostrum
365 3444 373 3477 ,
397 3398 561 3478 tamquam
576 3392 695 3457 oblitus
711 3392 778 3457 eius
794 3392 832 3458 de
847 3414 909 3477 quo
923 3391 1072 3476 refertur,
1096 3392 1248 3457 censendi
1263 3393 1404 3459 officium
1414 3423 1436 3462 a

211 3496 367 3582 principis
401 3495 521 3561 honore
549 3494 732 3560 consumit?
763 3498 839 3559 tuae
866 3493 1094 3560 moderationis
1126 3495 1195 3560 laus
1222 3493 1304 3560 haec
1333 3517 1404 3561 con-

211 3619 414 3628 ——---—-

280 3670 497 3735 tproferamus‚
521 3669 656 3720 laetemur
673 3668 717 3718 his
740 3669 838 3732 quibus
857 3666 984 3729 fruimur,
1009 3668 1221 3734 ingemiscamus
1240 3667 1299 3719 illis
1316 3669 1403 3734 Caspi·

212 3740 317 3796 cianus·
334 3746 361 3788 et
377 3740 456 3788 simile
475 3739 593 3803 quiddam
611 3738 740 3788 excidisse
757 3739 857 3787 uidetur
960 3738 974 3786 'l
993 3736 1042 3786 sub
1060 3737 1131 3787 bono
1150 3737 1276 3802 principe
1294 3738 1339 3794 Βς
1356 3736 1403 3786 sub

212 3807 407 3872 unoprincipe
425 3807 490 3855 Acd
558 3805 738 3871 Saguut135
817 3807 932 3856 ilsecus
951 3805 1041 3855 meriti
1059 3815 1075 3859 ς
1093 3819 1187 3854 secum
1206 3805 1301 3856 meriti
1317 3803 1403 3854 asor

282 3877 313 3925 10
331 3874 365 3924 de
384 3876 464 3928 onub
567 3879 660 3924 tacent
678 3873 837 3938 posteriori
939 3873 969 3921 11
989 3874 1085 3936 ecquis
1105 3872 1275 3937 Cuspinianrrs
1293 3889 1326 3924 eo
1345 3873 1402 3939 quis

212 3959 280 3994 corr.
299 3946 332 3991 al.
352 3959 415 3992 man.
437 3942 565 4006 ecquisb
635 3944 666 3991 12
685 3943 799 4006 ignarus
816 3942 860 3990 Ad
878 3955 978 4006 gnarus
996 3940 1016 3989 B
1035 3940 1188 4004 gnarnsao
1257 3942 1402 4007 imperato·

213 4027 270 4060 rum
287 4011 335 4060 ΑΒ
354 4011 528 4077 imperatoris
546 4024 560 4059 c
577 4010 750 4075 imperatoris
769 4025 830 4059 cum
848 4011 864 4058 d
942 4008 1181 4059 commissionibus
1195 4009 1332 4072 ,Liuineius
1349 4012 1402 4061 coll.

214 4079 282 4129 Suet.
303 4083 368 4145 Any.
387 4096 410 4129 c.
428 4082 461 4129 89
480 4078 755 4129 commessationibus
772 4078 860 4127 asos
941 4079 971 4127 13
990 4076 1178 4142 saltarentque
1199 4083 1283 4143 atque
1302 4079 1322 4128 B

215 4149 246 4197 16
264 4151 294 4196 tu
312 4147 414 4212 pocula
433 4164 449 4196 a
469 4148 508 4197 tui
527 4146 602 4196 cultu
620 4150 650 4195 tu
677 4144 795 4196 ludicras
821 4146 865 4194 Δᾰ
891 4144 1050 4195 Schwarzius
1204 4146 1237 4195 18
1264 4143 1400 4211 pudenda]

213 4219 379 4281 perpetuat
450 4218 480 4266 19
498 4216 527 4264 in
546 4232 591 4266 ora.
609 4212 640 4278 Δ,
659 4217 719 4264 add.
737 4230 754 4263 a
822 4216 854 4263 22
872 4212 1060 4275 deliberaret
1130 4209 1209 4280 ante]
1230 4215 1362 4264 autemB

213 4285 246 4333 26
263 4283 363 4333 finibus
380 4283 490 4348 imperii
506 4285 529 4333 Α
597 4285 630 4334 27
648 4296 861 4347 excessurosque
874 4282 938 4331 aar
956 4294 1169 4344 accessurosque
1187 4295 1203 4331 c
1221 4283 1404 4334 necessarios-

214 4352 307 4417 qucA
375 4352 559 4416 fastigibusss
628 4352 660 4401 28
679 4351 838 4402 dicabamus
857 4362 873 4404 ς
891 4349 1051 4400 dicebamus
1069 4349 1158 4399 ΔΒοᾱ
1214 4352 1246 4401 31
1265 4349 1326 4401 laus
1339 4350 1408 4403 hacc

215 4420 376 4471 constantia
395 4425 498 4483 nostra,
518 4421 569 4471 tibi
590 4420 716 4483 Gesnerus
733 4420 804 4470 haec
826 4418 888 4468 laus
907 4418 1065 4468 constantia
1088 4421 1183 4467 nostra
1205 4425 1233 4466 st
1252 4418 1305 4469 tibi
1321 4419 1404 4468 Alteri

214 4488 285 4538 haec
303 4487 364 4538 laus
391 4489 563 4540 constantiae
587 4493 712 4550 nostrae,
741 4488 794 4538 tibi
811 4488 955 4537 Coronaeus
973 4487 1043 4536 haec
1062 4485 1132 4550 laus,
1152 4501 1208 4537 non
1226 4488 1401 4538 constantiae

215 4560 336 4623 nostrae,
357 4556 409 4606 tibi
426 4558 531 4622 lipsius
