3024 5062
509 282 754 332 nmsrunanuu
775 282 866 330 vuu.
889 278 930 327 21.
952 279 994 328 aa.
1017 278 1058 328 as.
1324 265 1389 331 251*

190 435 408 520 nestissimus,
442 436 547 501 nostri
574 436 822 501 amantissimus.
864 439 1031 522 praeterea
1056 435 1092 499 in
1116 435 1234 500 litteris
1259 438 1387 500 ‘veteres

193 539 388 623 aemulatur,
412 539 577 623 exprimit,
600 538 721 623 reddit,
738 538 941 623 Propertium
962 538 1142 622 inprimis,
1166 559 1185 602 a
1207 558 1268 621 quo
1284 558 1387 623 genus

192 640 297 725 ducit,
321 662 396 705 vera
418 641 544 706 suboles
573 662 672 725 eoque
693 640 857 708 simillima
878 641 941 725 illi,
973 641 1008 706 in
1025 663 1087 726 quo
1109 641 1163 705 ille
1185 640 1384 726 praecipuus.

191 744 220 807 si
247 743 355 829 elegos
384 743 450 808 eius
477 742 513 806 in
541 764 655 806 manus
684 744 872 827 sumpseris,
900 743 990 828 leges
1022 765 1100 827 opus
1135 746 1256 808 tersum
1290 739 1415 808 1661162

166 844 369 911 5166661661
395 848 428 909 61
455 844 552 928 plane
573 845 608 909 16
629 844 776 928 Properti
799 845 892 909 domo
909 845 1074 930 seriptum.
1107 866 1210 929 nuper
1225 845 1264 909 ad
1286 845 1388 930 lyrica

191 944 337 1031 deflexit,
358 947 394 1010 in
417 946 531 1030 quibus
553 946 600 1010 ita
615 945 803 1031 Horatium,
827 947 920 1010 utin
942 945 1006 1010 illis
1028 947 1120 1012 illum
1137 947 1274 1012 alterum
1296 947 1387 1011 effin-

181 1049 258 1134 'gitz
279 1051 387 1133 putes,
411 1048 515 1133 siquid
529 1049 564 1112 in
582 1048 695 1112 studiis
712 1048 861 1133 cognatio
877 1048 978 1127 valet,
1003 1052 1036 1113 et
1050 1049 1144 1114 huius
1159 1049 1385 1134 propinquum.
1491 1037 1500 1045 ⁸

191 1172 313 1236 magna
333 1150 487 1234 varietas,
509 1172 630 1236 magna
651 1150 830 1216 mobilitas:
854 1153 941 1216 amat
962 1153 998 1215 ut
1020 1151 1076 1236 qui
1097 1151 1278 1235 verissime,
1302 1151 1388 1216 dolet

190 1255 228 1317 ut
249 1252 306 1336 qui
326 1251 614 1337 inpudentissime‚
636 1253 749 1317 laudat
769 1256 807 1317 ut
827 1253 881 1336 qui
902 1252 1150 1338 benignissime,
1173 1252 1255 1317 ludit
1276 1255 1312 1317 ut
1333 1253 1387 1336 qui

152 1375 179 1416 16
190 1354 402 1438 facetissime,
432 1354 540 1420 omnia
562 1355 698 1440 denique
720 1358 885 1440 tamquam
907 1355 1035 1441 singula
1057 1355 1206 1420 absolvit.
1247 1376 1305 1438 pro
1326 1353 1416 1419 hoc3

191 1477 253 1542 ego
274 1455 394 1540 amice,
417 1478 475 1542 pro
496 1455 557 1522 hoc
580 1478 640 1542 ego
661 1458 794 1544 ingenio
815 1479 882 1523 non
904 1458 1010 1522 minus
1032 1478 1129 1543 aeger
1151 1456 1268 1541 animo,
1292 1478 1388 1540 quam

192 1579 325 1644 corpore
346 1557 417 1643 ille,
439 1558 572 1623 tandem
593 1559 700 1643 illum,
730 1559 860 1624 andem
881 1581 934 1624 me
954 1560 1073 1644 recepi.
1107 1559 1269 1644 gratulare
1295 1557 1386 1641 mihi,

191 1661 357 1747 gratulare
379 1661 478 1725 etiam
498 1660 616 1725 litteris
638 1662 732 1745 ipsis,
764 1683 845 1746 quae
868 1683 907 1727 ex
934 1662 1075 1746 periculo
1098 1662 1165 1726 eius
1192 1663 1320 1726 tantum
1343 1660 1388 1724 di-

192 1763 331 1829 scrimen
346 1763 511 1849 adierunt,
534 1766 690 1848 quantum
705 1785 744 1829 ex
767 1764 869 1828 salute
892 1763 1014 1849 gloriae
1029 1766 1273 1848 consequentur.
1305 1762 1386 1827 vale·

153 1959 180 2002 66
628 1973 638 1986 -
729 1933 851 2000 XXIII.

440 2099 443 2102 ,
542 2056 572 2107 O.
589 2054 737 2108 PLINIUS
755 2055 901 2108 MAXIMO
925 2055 1041 2111 SUOS.

277 2172 475 2257 Frequenter
490 2173 602 2258 agenti
612 2171 692 2238 mihi
707 2172 814 2237 evenit
828 2175 865 2241 ut
877 2172 1078 2257 centumviri,
1096 2195 1167 2238 curn
1183 2174 1236 2237 diu
1252 2195 1286 2238 se
1300 2174 1387 2238 intra
1400 2175 1416 2237 1

192 2275 335 2340 iudicum
363 2272 587 2341 auctoritatem
615 2275 868 2361 gravitatemque
890 2276 1086 2360 tenuissent,
1115 2296 1225 2340 omnes
1255 2278 1387 2360 repente

193 2377 390 2462 quasivicti
419 2378 583 2463 coactique
612 2381 843 2465 consurgerent
876 2378 1124 2462 laudarentque3
1156 2377 1343 2463 frequenter
1370 2378 1417 2440 62

155 2482 309 2544 resonata
335 2479 472 2564 famam,
507 2481 634 2566 qualem
655 2481 793 2545 maxime
820 2484 1022 2565 optaveram,
1055 2480 1180 2545 rettuli:
1213 2501 1387 2564 numquam

193 2584 304 2646 tamen
326 2583 479 2647 maiorem
502 2584 571 2667 cepi
595 2583 809 2668 voluptatem,
838 2605 932 2667 quam
954 2605 1057 2667 nuper
1084 2580 1393 2660 611661616661166-Ι

192 2683 259 2749 6611
281 2683 397 2751 Taciti.
429 2685 583 2751 narrabat
600 2685 717 2751 sedisse
731 2707 840 2750 secum
861 2685 1054 2750 circensibus
1069 2685 1222 2770 proximis
1246 2684 1385 2769 equitem

196 2874 399 2890 -ῆ--Φ

263 2995 278 3044 1
296 2993 386 3046 nostri
402 2995 607 3047 amantissimus
625 2995 833 3047 honestissimus
850 2996 913 3057 apr
998 2998 1106 3046 ueteres
1128 2991 1244 3058 (ueteris
1259 2993 1293 3058 u)
1313 3009 1388 3045 emu-

194 3063 313 3115 lationes
331 3063 460 3129 exprimit
476 3065 519 3127 Dp
605 3063 748 3115 3soboles
766 3064 880 3126 usupra
949 3061 1048 3129 eoque]
1070 3067 1186 3127 tequep
1254 3061 1385 3113 461616-

194 3127 257 3199 gos]
276 3130 339 3197 lego
356 3133 400 3194 Dp
484 3132 514 3181 in
530 3146 627 3182 manus
644 3132 718 3181 liin
736 3147 818 3183 manu
834 3134 897 3193 Dpr
913 3132 942 3181 in
960 3146 1070 3182 manum
1088 3146 1105 3180 6
1151 3154 1164 3183 ι
1184 3131 1200 3181 5
1218 3131 1247 3180 16
1266 3131 1388 3196 properti

194 3201 236 3262 (in
253 3199 395 3264 Propertii
412 3200 439 3262 6)
458 3199 537 3251 (16616
555 3201 688 3265 scriptum
704 3202 752 3249 116
769 3201 798 3249 16
816 3201 986 3266 propertium
1003 3200 1085 3265 idque
1102 3200 1205 3264 optimo
1235 3196 1348 3264 (optime
1359 3195 1387 3264 p)

194 3268 327 3332 scriptum
343 3269 388 3329 up
416 3268 601 3334 peropertium
626 3269 708 3334 idque
737 3269 838 3332 optime
856 3269 1020 3334 scriptumr
1045 3268 1255 3333 Propertianum
1274 3267 1388 3332 ideoque

195 3336 299 3401 optime
317 3336 450 3400 scriptum
469 3349 485 3392 ς
503 3337 532 3385 16
550 3337 688 3401 Propertii
706 3336 798 3386 modos
816 3336 948 3401 scriptum
966 3337 1066 3386 Alanus
1083 3338 1110 3386 ia
1127 3338 1185 3386 1666
1202 3337 1299 3401 aliquot
1316 3336 1389 3385 Cice-

194 3405 268 3455 ronis
284 3403 398 3454 1161111611
414 3421 439 3454 α.
459 3405 527 3455 1863
544 3422 572 3470 p.
591 3407 626 3455 24
695 3403 826 3470 teffingi
842 3409 924 3469 putes
940 3407 1025 3467 Dpra
1042 3403 1151 3468 effiugIt
1169 3409 1260 3468 potest
1276 3404 1305 3451 11
1373 3406 1388 3454 1

195 3471 352 3538 segnitior
430 3473 612 3538 propinquum
628 3475 690 3521 1166
707 3474 877 3538 propinquus
895 3474 944 3527 Μς
960 3474 1147 3537 propinquep
1232 3470 1388 3523 8mollitas

195 3542 239 3604 Dp
309 3539 441 3591 91661161
458 3545 489 3590 61
506 3542 554 3606 qui
572 3541 769 3607 benignissime
786 3543 873 3592 6661)
959 3543 991 3592 10
1009 3540 1175 3591 facitissime
1193 3540 1221 3587 11
1290 3541 1320 3588 11
1340 3555 1388 3604 pro

194 3608 249 3660 hoc
267 3622 318 3674 ego
337 3609 439 3669 616166,
458 3624 507 3673 pro
526 3610 578 3659 hoc
597 3624 648 3674 ego
666 3610 777 3675 ingenio
796 3609 898 3659 Cortice
915 3624 964 3674 pro
982 3608 1033 3660 hoc
1051 3624 1140 3674 aequo
1159 3608 1248 3658 amico
1267 3622 1316 3672 pro
1334 3606 1387 3656 hoc

195 3691 287 3742 aequo
303 3675 418 3742 ingenio
436 3678 464 3725 11
480 3692 529 3743 pro
547 3677 598 3728 boc
616 3692 667 3742 ego
686 3679 775 3728 amico
793 3693 841 3742 pro
859 3676 912 3726 hoc
930 3678 1043 3741 ingenio
1056 3679 1101 3725 Da
1119 3692 1170 3742 ego
1189 3691 1237 3740 pro
1255 3675 1306 3725 boc
1324 3671 1388 3740 (ego

195 3745 249 3795 1166
266 3759 316 3810 pro
333 3743 380 3808 rs)
398 3745 486 3796 amico
502 3761 552 3810 pro
569 3744 621 3796 hoc
640 3746 751 3812 ingenio
768 3760 804 3808 pr
906 3760 960 3796 non
978 3745 1068 3797 minus
1087 3760 1175 3810 aeque
1194 3757 1277 3794 sanus
1296 3743 1387 3793 animo

194 3814 225 3861 1
310 3827 392 3878 quam
411 3828 523 3880 corpore
540 3813 588 3864 ille
608 3812 671 3879 (ille
689 3831 735 3869 om.
753 3811 791 3879 11)
810 3813 922 3864 tandem
939 3812 1017 3863 illum
1034 3813 1148 3864 tandem
1166 3827 1210 3863 me
1227 3812 1321 3876 recepi
1338 3812 1389 3860 116

197 3895 280 3945 quam
297 3894 412 3945 corpore
429 3881 508 3933 illum
526 3882 638 3932 tandem
657 3898 699 3933 me
720 3882 843 3945 (tandem
862 3881 897 3931 ad
915 3897 958 3930 me
976 3877 1003 3946 p)
1022 3883 1116 3947 recepi
1132 3884 1207 3943 Dpr:
1228 3894 1311 3943 quam
1329 3894 1388 3929 661-

195 3948 398 4015 pore.tsndem
415 3949 492 4001 illum
510 3950 589 4001 modo
608 3966 638 4001 se
656 3952 742 4015 recipi
759 3948 911 4015 gratulare,
930 3948 1071 4015 gratulare
1090 3949 1173 4000 etiam
1189 3947 1293 3998 litteris
1311 3959 1328 4002 ς

197 4019 231 4068 12
249 4016 392 4083 gratulare
410 4018 476 4068 mihi
494 4034 539 4069 om.
557 4021 619 4082 Dpr
688 4021 718 4069 13
736 4015 816 4084 ipsis]
836 4018 924 4084 ipsius
942 4032 959 4066 6
1045 4019 1078 4067 14
1094 4017 1188 4068 6111616
1206 4028 1247 4078 ps
1265 4014 1358 4066 adiero
1376 4030 1390 4064 r

265 4151 361 4205 XXIII
379 4155 410 4206 11
429 4155 507 4206 uenit
523 4171 541 4205 6
609 4156 640 4204 18
658 4154 779 4204 iudicum
797 4152 1100 4206 Beroaldssiudicium
1118 4154 1234 4213 liltpra
1285 4152 1388 4203 tenuis-

196 4219 272 4290 sent]
292 4221 330 4272 At
347 4223 553 4275 rennuisseutr
638 4219 746 4289 omnes]
766 4223 858 4273 omnio
874 4225 917 4285 Dp
1001 4224 1036 4273 20
1054 4225 1231 4286 captaueram
1248 4222 1276 4269 11
1356 4221 1388 4268 21

197 4290 332 4342 maiorem
349 4293 482 4341 1616661)
551 4290 666 4342 cornelii
682 4293 767 4353 upra
834 4292 867 4340 22
890 4290 1024 4341 narrabat
1041 4288 1146 4340 66111666
1165 4303 1259 4338 secum
1277 4286 1389 4338 Circen-

196 4359 274 4409 sibus
292 4358 424 4423 proximis
443 4360 563 4422 equitem
581 4359 631 4410 Ro.
657 4358 729 4409 hunc
746 4374 763 4408 6
788 4359 921 4410 narrabat
948 4359 1054 4409 sedisse
1072 4355 1240 4407 circensibus
1258 4355 1389 4420 proximis

197 4441 240 4491 eq.
260 4425 294 4478 R.
312 4424 455 4490 (proximis
472 4428 544 4493 equi.
563 4443 602 4478 ro.
620 4442 637 4491 p
655 4428 806 4494 proximum
824 4443 866 4492 eq.
885 4429 917 4479 R.
930 4425 954 4490 r)
973 4427 1045 4475 hunc
1056 4427 1118 4487 ltpr
1140 4425 1271 4487 narrabat
1284 4423 1388 4474 sedisse

195 4509 228 4546 66
247 4509 310 4543 6661
328 4493 446 4558 quodam
472 4495 644 4546 circensibus
671 4496 801 4561 proximis
827 4494 946 4545 hunolt
972 4493 1105 4544 narrabat
1123 4493 1196 4543 enim
1215 4491 1389 4545 Circensibus

196 4560 306 4614 sedisse
324 4562 475 4628 proximum
493 4564 582 4629 equiti
600 4565 649 4620 Ro.
668 4563 774 4618 116666
814 4559 817 4566 ’
