3024 5062
173 296 236 360 282
598 310 627 357 c.
651 310 747 356 curui
770 310 814 356 er
838 308 982 356 ruamur

173 465 359 528 minerimus
393 464 591 548 provinciam
622 464 719 527 istam
747 467 780 527 et
805 463 977 546 praecipue
1005 484 1076 526 eam
1105 463 1269 527 civitatem
1298 465 1366 528 eius

173 567 257 630 modi
278 566 473 631 factionibus
496 587 564 630 esse
585 568 743 629 vexatam.
775 565 993 649 quodcumque
1015 586 1132 628 nomen
1155 587 1194 628 ex
1216 587 1365 649 quacum-

173 690 234 753 que
263 691 358 733 causa
386 668 564 732 dederimus
592 667 632 731 iis
660 668 714 752 qui
742 667 778 730 in
800 666 884 731 idem
908 666 1067 731 contracti
1087 665 1210 730 fuerint
1227 715 1234 730 .
1253 715 1260 730 .
1280 716 1287 730 .
1311 666 1365 731 he-

143 771 355 855 2taeriaeque
377 771 465 835 brevi
487 771 577 834 fient.
615 769 716 833 satius
738 769 847 853 itaque
869 772 919 833 est
946 767 1125 852 comparari
1153 790 1190 831 ea
1220 788 1302 852 quae
1325 769 1366 832 ad

174 872 362 937 coercendos
385 872 477 957 ignes
493 871 611 936 auxilio
633 892 701 934 esse
724 871 849 954 possint
866 869 1092 954 admonerique
1108 870 1253 935 dominos
1276 890 1390 955 prae-5

173 975 296 1038 diorum
317 976 354 1037 ut
368 977 401 1038 et
422 974 485 1058 ipsi
506 974 691 1056 inhibeant,
716 973 796 1038 acsi
817 994 867 1037 res
882 972 1080 1056 poposcerit,
1104 993 1240 1037 accursu
1254 972 1365 1056 populi

174 1077 214 1140 ad
235 1077 296 1140 hoc
317 1076 375 1140 uti.

610 1244 742 1309 XXXV.
767 1243 926 1334 [litim]

451 1366 481 1419 c.
501 1365 648 1417 enimus
667 1366 827 1418 rasiano
846 1366 1077 1419 ruencnroru

258 1483 431 1549 Sollemnia
445 1486 520 1547 vota
535 1505 593 1567 pro
615 1481 835 1546 incolumitate
856 1485 923 1567 tua,
946 1505 1009 1567 qua
1030 1483 1159 1567 publica
1182 1482 1269 1548 salus
1292 1504 1364 1566 eon·
1377 1513 1397 1551 n

173 1586 310 1668 tinetur,
334 1588 366 1649 et
381 1586 593 1669 suscepimus,
618 1585 757 1667 domine,
780 1584 902 1667 pariter
920 1587 952 1649 et
967 1585 1128 1670 solvimus,
1152 1585 1275 1669 precati
1291 1584 1365 1649 deos

174 1691 210 1751 ut
230 1687 333 1752 velint
355 1709 392 1751 ea
414 1709 540 1771 semper
561 1685 641 1751 solvi
663 1707 848 1770 semperque
875 1687 1008 1772 signari.

619 1856 770 1920 xxxvi.
795 1854 916 1945 [nou]

519 1969 527 1984 ⁰
605 1976 786 2028 TRAIANUS
809 1978 935 2030 PLINIO
1046 2009 1049 2013 -

258 2093 302 2158 nt
324 2094 455 2159 solvisse
469 2116 525 2159 vos
542 2094 878 2178 comprovincialibus
896 2095 944 2159 dis
967 2094 1203 2159 immortalibus
1219 2097 1293 2158 vota
1307 2115 1359 2178 pro
1371 2121 1390 2161 u

174 2218 245 2261 mea
267 2197 369 2261 salute
391 2200 424 2260 et
444 2195 664 2260 incolumitate
686 2199 719 2260 et
740 2218 942 2281 nuncupasse
973 2197 1125 2278 libenter,
1155 2197 1200 2261 mi
1222 2195 1359 2262 Secunde

176 2297 351 2381 carissime,
380 2298 517 2383 cognovi
539 2319 577 2362 ex
599 2297 717 2362 litteris
736 2298 813 2383 tuis.

347 2559 352 2566 .
417 2565 420 2569 Ι
599 2466 936 2556 XXXV11.[XLV1.]

453 2589 484 2639 0.
504 2589 651 2641 PLINIUS
671 2589 833 2641 TRAIANO
851 2589 1080 2642 IMPERATORI

148 2710 158 2769 l
260 2706 298 2771 ln
322 2706 591 2790 aquaeductum,
616 2705 757 2788 domine,
786 2704 1034 2771 Nicomedenses
1056 2706 1288 2790 impenderunt
1308 2705 1383 2773 Hsa

177 2798 284 2894 iXX-Xl
303 2797 553 2890 CUOXXVHIT,
580 2808 633 2891 qui
655 2807 861 2892 imperfectus
878 2807 982 2872 adhuc
1004 2808 1134 2873 relictus
1150 2812 1247 2894 atque
1269 2809 1355 2875 etiam

175 2912 354 2976 destructus
377 2912 440 2974 est:
462 2931 571 2973 rursus
592 2909 627 2973 in
650 2909 747 2973 alium
769 2910 900 2974 ductum
925 2912 1057 2995 erogata
1085 2914 1162 2975 sunt
1189 2901 1254 2977 UO‘.
1302 2910 1355 2974 hoc

175 3035 298 3098 quoque
320 3012 432 3077 relicto
454 3033 537 3075 novo
559 3011 722 3096 impendio
744 3015 793 3076 est
814 3033 910 3096 opus,
940 3014 977 3075 ut
998 3033 1114 3096 aquam
1141 3011 1286 3078 habeant
1308 3012 1355 3097 qui

146 3118 300 3192 2tanta1n
321 3114 492 3199 pecuniam
513 3113 596 3176 malo
617 3113 833 3197 perdiderunt.
863 3114 933 3198 ipse
947 3115 1080 3198 perveni
1102 3115 1142 3179 ad
1164 3115 1288 3180 fontem
1306 3136 1354 3199 pu·

174 3218 351 3296 rissimum,
375 3237 490 3300 exque
512 3215 637 3279 videtur
652 3236 735 3300 aqua
757 3215 872 3281 debere
893 3217 1042 3300 perduci,
1066 3216 1149 3281 sicut
1170 3217 1265 3281 initio
1285 3219 1379 3281 tam-u

175 3323 300 3403 piatum
329 3322 413 3401 erat,
449 3318 578 3381 arcuato
607 3338 717 3401 opere,
750 3338 791 3381 ne
819 3321 947 3382 tantum
974 3318 1015 3381 ad
1042 3318 1140 3402 plana
1171 3318 1308 3385 civitatis
1328 3318 1353 3381 ct

175 3421 308 3485 humilia
330 3419 505 3504 perveniat.
541 3421 675 3483 manent
697 3419 801 3484 adbuc
829 3420 1014 3505 paucissimi
1040 3441 1148 3485 arcus:
1178 3421 1309 3505 possunt
1327 3419 1353 3482 et

176 3523 256 3607 erigi
279 3522 406 3606 quidam
428 3520 535 3605 lapide
557 3520 727 3604 quadrato,
758 3520 811 3605 qui
834 3542 872 3585 ex
902 3522 1064 3606 superiore
1086 3544 1182 3607 opere
1204 3522 1352 3586 detractus

176 3626 239 3688 est:
267 3624 373 3708 aliqua
400 3645 491 3707 pars,
520 3625 557 3687 ut
578 3621 657 3687 mihi
678 3623 818 3708 videtur,
849 3625 991 3688 testaceo
1018 3645 1114 3709 opere
1140 3624 1266 3710 agenda
1287 3622 1351 3704 erit3

175 3817 377 3825 ---—.--——

244 3935 257 3983 1
277 3949 326 3984 eas
345 3933 483 3982 ciuitateis
502 3932 635 3983 eiusmodi
653 3934 821 3984 factionibus
839 3948 898 3983 esse
917 3937 1035 3983 uexatas
1053 3947 1070 3981 a
1155 3936 1171 3984 3
1190 3931 1353 3983 succinuis-

177 4002 299 4052 tariae*
326 4015 396 4065 quaa
421 4002 519 4051 breues
537 4001 604 4050 fient
622 4016 639 4049 a
665 4001 767 4052 fuerint
793 4001 918 4052 baiariae
947 4001 1071 4066 quamuIs
1089 4001 1187 4052 breues
1205 4001 1269 4050 fient
1287 4000 1353 4050 Oeta·

176 4085 255 4120 naeus
274 4069 388 4131 fuerint,
407 4065 522 4133 ἑταιρίαι
542 4067 698 4133 {cutemque
715 4070 794 4119 breui
812 4068 879 4120 fient
897 4068 1013 4122 oreatus,

242 4155 345 4205 XXXV
370 4155 501 4205 Votorum
528 4154 697 4219 nuncupatio
715 4169 732 4203 a
852 4154 882 4203 11
911 4143 1081 4221 suscepimus
1106 4153 1234 4220 menaeus
1251 4150 1353 4218 suspri·

78 4254 81 4260 ·
175 4237 234 4274 mus
252 4238 269 4271 8·

243 4291 358 4342 XXXVI
376 4292 407 4341 15
425 4291 478 4340 diis
496 4305 512 4338 a

243 4375 373 4426 XXXVII
391 4378 433 4425 De
453 4374 627 4438 aquaeductu
645 4375 884 4427 Nicomedensium
903 4392 919 4425 a
970 4378 1003 4427 20
1020 4377 1048 4426 in
1068 4375 1272 4442 aquaeductum
1288 4373 1355 4426 editio

176 4443 335 4493 Basileensis
352 4445 380 4492 in
400 4444 575 4508 aquaeductu
593 4459 610 4492 a
688 4443 734 4492 HS
747 4443 841 4494 XXX.
862 4443 929 4495 000
942 4444 1092 4495 XXVIIII
1109 4446 1196 4509 spatio
1212 4451 1272 4510 post
1288 4439 1352 4493 XXX

176 4513 264 4561 relicto
284 4526 300 4558 a
317 4511 408 4562 tricies
424 4527 474 4577 pro
493 4510 570 4560 XXX
588 4513 695 4562 coniecit
712 4513 863 4563 Perizonius
885 4515 956 4578 apud
975 4513 1084 4563 Cordum
1152 4514 1184 4563 21
1204 4512 1313 4565 relittus
1327 4520 1354 4559 ct

177 4579 259 4633 etiam
278 4594 294 4627 a
311 4578 426 4633 relictus
444 4583 471 4632 ct
489 4579 545 4630 iam
565 4579 674 4630 Orellius
759 4582 791 4633 22
810 4579 855 4630 00
875 4595 892 4632 a
