3024 5062
226 268 285 332 138
447 229 453 242 Ι
744 280 775 329 c.
799 283 896 335 Pnnu

222 460 294 503 rum
315 438 425 502 eodem
448 436 556 501 animo
578 458 640 521 quo
661 439 845 521 susceperat
865 434 1065 520 pertulisset3
1088 435 1163 520 quia
1176 438 1288 501 tamen
1302 434 1338 498 in
1353 433 1416 498 hoo

223 562 325 625 genus
349 540 460 625 cnlpae
482 561 548 604 non
570 538 682 603 frande
704 538 872 603 incidisset
892 537 1037 623 nihilque
1058 537 1194 623 dignum
1215 536 1416 602 animadver-

212 643 311 707 -sione
334 641 499 707 admisisse
522 625 774 724 corivinoeretur,
799 640 1014 724 liberandum,
1036 640 1082 704 ita
1105 642 1141 703 ut
1155 637 1314 705 Vicetinis
1330 637 1415 722 quod

192 745 391 828 bacceperat
412 743 568 808 redderet.
603 742 815 807 adsenscrunt
829 763 946 806 omnes
968 745 1097 825 praeter
1118 741 1255 806 Fabium
1277 743 1413 825 Aprum.

222 848 249 912 is
272 844 528 911 interdicendum
550 844 579 909 ei
602 844 862 921 advocationibus
884 844 920 908 in
942 844 1197 929 quinquennium
1221 843 1357 926 censuit,
1381 845 1441 907 ets

222 949 366 1035 quamvis
388 947 550 1012 neminem
572 947 762 1011 auctoritate
790 946 956 1030 traxisset,
985 948 1172 1011 constanter
1192 945 1228 1010 in
1251 944 1415 1010 sententia

221 1052 356 1115 mansit:
387 1049 585 1134 quinetiam
607 1047 779 1133 Dextrum,
808 1049 861 1133 qui
891 1049 1014 1132 primus
1042 1048 1202 1114 diversum
1232 1051 1413 1132 censuerat,

223 1153 348 1237 prolata
368 1151 440 1236 lege
463 1151 501 1215 de
524 1154 638 1215 senatu
659 1151 807 1215 habendo
835 1151 940 1214 iurare
964 1149 1070 1235 coligit
1091 1173 1108 1215 e
1129 1173 1164 1215 re
1191 1149 1322 1235 publica
1345 1172 1414 1216 esse

192 1254 305 1340 bquod
328 1253 513 1319 censuisset.
545 1253 596 1317 cni
618 1274 810 1337 quamquam
832 1252 996 1338 legitimae
1012 1252 1221 1338 postulationi
1243 1274 1262 1316 a
1285 1253 1415 1337 quibus-

222 1358 295 1421 dam
315 1356 524 1421 reclamatum
539 1358 597 1421 est.
628 1355 820 1439 exprobrare
843 1355 928 1419 enirn
945 1355 1089 1419 censenti
1104 1353 1314 1419 ambitionem
1327 1356 1454 1420 vide-10

220 1460 324 1522 batur.
356 1458 410 1521 sed
432 1459 520 1541 prius
536 1480 633 1542 quam
655 1457 834 1522 sententiae
856 1455 1048 1541 dicerentur,
1072 1455 1240 1542 Nigrinus,
1263 1457 1414 1522 tribunus
1473 1538 1477 1543 ι

220 1560 333 1644 plebis,
363 1560 511 1624 recitavit
531 1560 675 1624 libellum
703 1559 857 1626 disertum
884 1561 917 1623 et
944 1579 1090 1643 gravem,
1121 1581 1183 1643 quo
1211 1561 1341 1642 questus
1364 1562 1415 1623 est

220 1663 328 1727 venire
351 1661 585 1746 advocationes,
607 1661 717 1726 venire
738 1662 836 1726 etiam
856 1660 1157 1744 praevaricationes,
1180 1660 1224 1729 in,
1237 1659 1311 1726 lites
1335 1660 1414 1726 coiri

221 1768 253 1828 et
274 1764 397 1849 gloriae
418 1762 487 1828 loco
509 1764 589 1858 poni
609 1785 647 1828 ex
669 1762 780 1848 spoliis
803 1763 919 1828 civium
941 1782 1078 1847 magnos
1100 1764 1133 1826 et
1154 1764 1256 1828 statos
1278 1762 1411 1828 reditus.

191 1866 373 1930 'lrecitavit
395 1866 502 1949 capita
524 1864 648 1950 legum,
678 1864 843 1930 admonuit
864 1867 995 1929 senatus
1025 1864 1256 1930 consultorum:
1284 1865 1319 1929 in
1347 1865 1412 1930 fine
1427 1881 1454 1922 15

219 1968 301 2032 dixit
322 1968 496 2052 petendum
519 1967 560 2030 ab
582 1967 702 2051 optimo
724 1966 869 2051 principe
880 1963 935 2049 nt,
960 1966 1035 2050 quia
1056 1966 1160 2052 leges,
1184 1966 1259 2052 quia
1281 1970 1414 2033 senatus

190 2070 366 2135 8consulta
406 2072 704 2152 contemnerentur,
733 2069 802 2153 ipse
831 2069 932 2132 tantis
963 2068 1051 2133 vitiis
1084 2068 1272 2134 mederetur.
1316 2071 1414 2155 pauci

219 2172 297 2257 dies,
321 2174 354 2237 et
375 2172 456 2236 liber
470 2171 626 2256 principis
641 2193 769 2236 severus
792 2173 947 2236 ettamen
968 2171 1165 2236 moderatus:
1192 2169 1281 2256 leges
1294 2172 1412 2256 ipsum,

219 2278 269 2340 est
295 2275 330 2338 in
357 2273 494 2358 publicis
523 2273 613 2337 actis.
658 2293 754 2357 quam
780 2293 831 2336 me
859 2273 948 2336 iuvat
975 2272 1056 2356 qnod
1085 2272 1120 2336 in
1149 2273 1254 2338 causis
1275 2276 1413 2360 agendis

218 2398 283 2440 non
309 2377 405 2441 >modo
433 2374 584 2459 pactione
607 2375 690 2439 dono
717 2395 848 2439 munere
884 2396 994 2439 verum
1028 2375 1125 2439 etiam
1153 2374 1257 2440 xeniis
1285 2397 1412 2460 semper
1426 2392 1453 2433 2⁰

189 2475 375 2543 {labstinuil
407 2479 534 2562 oportet
549 2474 676 2561 quidem
690 2497 772 2561 qnae
794 2479 870 2541 sunt
891 2476 1063 2542 inhonesta
1085 2499 1152 2542 non
1166 2477 1257 2562 quasi
1271 2477 1410 2563 inlicita,

217 2581 276 2657 sed¹
293 2579 385 2665 quasi
407 2578 555 2662 pudenda
568 2579 686 2662 vitare3
708 2578 881 2643 iucundum
903 2582 1023 2664 tamen,
1046 2577 1074 2644 si
1094 2578 1258 2664 prohiberi
1281 2580 1412 2663 publice

170 2678 209 2741 10
217 2683 325 2748 videas
347 2680 627 2766 quodnamquam
647 2680 708 2744 tibi
723 2680 798 2764 ipse
820 2681 1013 2764 permiseris.
1058 2681 1120 2746 erit
1140 2681 1288 2766 fortasse,
1312 2682 1412 2747 immo

218 2806 284 2849 non
306 2783 400 2849 dubie
422 2781 516 2847 huius
537 2782 693 2867 propositi
714 2783 778 2847 mei
800 2785 832 2847 et
854 2784 959 2847 minor
979 2782 1050 2848 laus
1072 2785 1105 2848 et
1126 2783 1289 2849 obscurior
1310 2784 1410 2869 fama,

219 2908 290 2951 oum
318 2907 428 2950 omnes
455 2906 494 2948 ex
522 2885 714 2949 necessitate
741 2884 864 2949 facient
896 2885 980 2969 quod
1007 2907 1068 2971 ego
1094 2889 1210 2971 sponte
1237 2885 1410 2952 faciebam.
1426 2902 1453 2943 25

217 2987 348 3052 interim
368 2988 457 3051 fruor
479 2987 652 3071 voluptate,
676 3008 747 3058 curn
770 2986 825 3052 alii
847 2986 989 3053 divinum
1011 3009 1072 3072 me,
1096 2987 1152 3053 alii
1173 2988 1252 3053 meis
1274 2989 1410 3074 rapinis,

218 3111 307 3154 meae
330 3088 483 3153 avaritiae
505 3109 672 3154 occursum
693 3111 751 3174 per
772 3077 882 3154 ludum
904 3111 942 3154 ac
962 3090 1068 3156 iocum
1090 3090 1252 3156 dictitant.
1283 3092 1366 3157 vale.

223 3269 411 3277 ————————-—

285 3383 300 3430 3
318 3380 360 3431 ita
378 3385 407 3431 ut
424 3383 555 3434 uicatinis
574 3384 622 3433 lla
639 3383 680 3433 ita
697 3383 844 3434 nicentinie
862 3386 925 3447 Dpr
941 3383 982 3434 ita
1001 3387 1093 3436 tamen
1111 3389 1142 3434 ut
1160 3385 1316 3437 Vicentinis
1334 3399 1351 3443 ς

216 3449 233 3496 4
251 3453 361 3512 praeter
379 3450 483 3500 fabium
503 3466 597 3517 aprum
615 3452 640 3501 is
656 3451 683 3499 Π
701 3456 811 3518 praeter
828 3452 956 3502 Flauium
975 3450 1077 3518 Aprum
1099 3453 1123 3504 is
1146 3466 1163 3504 c
1184 3454 1410 3533 praeter-lacru-

216 3533 267 3582 mis
284 3533 327 3596 ap
345 3540 539 3600 praeterquam
555 3537 689 3587 Lacerius
706 3552 720 3587 r
737 3542 931 3602 praeterquam
949 3536 1074 3587 Licinius
1097 3538 1120 3587 is
1140 3552 1156 3595 ς
1229 3539 1305 3607 tint
1323 3541 1411 3591 inter·

217 3600 363 3651 dicendum
381 3604 409 3650 Π
494 3605 724 3656 aduocationibns
742 3606 792 3654 Ma
814 3604 992 3655 aduocationi
1008 3606 1051 3669 op
1069 3605 1253 3658 aduocatione
1272 3620 1307 3664 τς
1394 3611 1410 3659 7

216 3669 331 3733 primum
344 3685 361 3719 a
445 3674 462 3723 8
480 3673 590 3738 prolata
607 3676 655 3723 lia
676 3674 786 3739 perlata
804 3675 866 3736 Dpr
949 3687 965 3722 e
982 3688 1039 3738 rep.
1059 3689 1119 3726 esse
1137 3676 1189 3725 Ia
1212 3676 1347 3741 eripuisse
1364 3678 1410 3740 Dp

216 3752 239 3787 e.
259 3752 296 3791 re.
315 3753 341 3802 p.
360 3742 508 3804 erripuisse
524 3756 538 3790 r
555 3756 569 3790 e
587 3756 625 3791 re.
644 3757 670 3806 p.
689 3741 776 3792 fuisse
794 3741 942 3792 Beroaldus
995 3744 1026 3792 10
1044 3743 1194 3806 exprobras
1212 3746 1240 3792 1
1258 3744 1410 3809 exprobare

215 3806 237 3851 D
289 3809 467 3856 censenti-
485 3811 644 3874 priusquam
662 3825 709 3859 om.
727 3811 771 3870 op
823 3811 853 3858 11
876 3809 1043 3860 sententiam
1060 3811 1103 3872 Dp
1171 3811 1279 3877 nigrius
1296 3814 1324 3860 1
1376 3816 1410 3864 13

216 3871 310 3938 etiam]
331 3879 359 3924 et
375 3887 411 3931 rs
463 3877 536 3927 coire
554 3879 581 3925 H
633 3878 664 3926 14
683 3881 771 3929 statos
794 3878 900 3927 reditus
911 3878 961 3925 Ha
979 3882 1098 3928 statutos
1116 3878 1221 3930 reditus
1239 3895 1275 3942 pr
1286 3884 1409 3931 statutos

216 3939 321 3991 reditus
339 3942 444 3994 reditus
461 3947 483 3992 Ι)
588 3946 619 3995 15
637 3950 750 3996 senatus
768 3942 965 4010 consultorum]
991 3952 1104 3997 senatus
1123 3948 1291 3998 consulti!
1376 3951 1409 3999 16

216 4008 333 4073 optimos
351 4027 421 4063 corr.
440 4028 517 4062 —mo
535 4014 562 4060 Π
632 4015 663 4063 17
681 4013 758 4065 vitiis
775 4030 821 4065 cm.
840 4016 883 4076 Dp
970 4014 1002 4064 18
1015 4011 1184 4082 moderatus]
1205 4021 1329 4066 moratus
1346 4019 1374 4065 H
1418 4036 1420 4040 ·

216 4075 331 4140 legis!
411 4082 443 4131 20
461 4095 515 4132 non
533 4081 612 4131 modo
629 4096 710 4132 om.r
795 4083 926 4148 pactione
943 4084 1014 4137 lca
1031 4083 1160 4146 pactione
1187 4087 1230 4147 Dp
1248 4085 1408 4148 pactinoem

215 4158 229 4192 r
296 4147 413 4196 xenisD
499 4151 530 4198 21
550 4148 659 4200 inlicita
677 4149 726 4201 sed
745 4153 826 4213 quasi
848 4167 894 4201 om.
913 4150 940 4198 Μ
1025 4152 1057 4200 22
1075 4150 1203 4216 pudenda
1220 4152 1269 4200 xa
1286 4152 1408 4204 iubenda

214 4213 276 4274 Dpr
344 4214 454 4280 puplice
471 4217 498 4263 H
551 4219 583 4267 23
603 4218 655 4268 erit
673 4234 719 4271 om.
738 4220 768 4277 Π
833 4220 866 4268 26
884 4218 923 4268 ali
940 4225 1048 4284 utroque
1066 4221 1161 4271 locon
1213 4222 1246 4271 27
1265 4235 1299 4271 ae
1317 4221 1407 4272 iocum

215 4282 264 4331 Ma
281 4287 423 4348 acceptum
441 4287 502 4347 Dpr
768 4283 770 4287 ’
