3024 5062
405 299 649 348 aersnunnauu
671 300 708 347 11.
734 297 756 344 1.
780 293 815 360 (a.
831 292 967 358 97-100)
1106 358 1110 368 ι
1250 283 1291 349 33

95 451 184 516 tibus
205 451 313 516 fuerat
335 453 452 537 evasit,
475 454 604 538 reliquit
624 454 816 518 incolumem
844 454 999 537 optimum
1021 455 1117 538 atque
1139 453 1292 518 amicissi-

95 575 200 637 mum,
222 557 387 638 tamquam
409 554 558 618 adhunc
585 554 690 638 ipsum
716 554 872 619 honorem
893 555 1014 639 publici
1041 555 1165 619 funeris
1192 577 1293 620 reser-

94 658 201 720 vatus.
246 678 367 720 annum
395 655 526 720 tertium
553 659 587 720 ct
621 657 876 741 octogensimum
909 657 1045 721 excessit
1074 658 1108 721 in
1137 657 1323 733 altissima4

95 756 348 842 tranquillitate,
371 757 443 841 pari
464 757 680 822 veneratione.
719 781 795 822 usus
817 762 866 822 est
888 759 980 822 firma
1002 759 1200 842 valetudine,
1229 745 1293 823 nisi

71 858 180 943 equod
204 859 352 923 solebant
373 860 404 923 ei
425 882 539 924 manus
561 863 715 941 tremere,
746 860 828 924 citra
856 860 997 925 dolorem
1024 864 1143 926 tamen.
1187 861 1292 926 aditus

96 963 226 1024 tantum
250 962 361 1025 mortis
384 961 493 1025 durior
513 961 717 1045 longiorque,
748 962 804 1025 sed
832 962 885 1025 hic
906 961 975 1045 ipse
997 961 1177 1026 laudabilis.
1215 961 1322 1026 nam5

98 1084 170 1126 cum
197 1084 306 1126 vocem
333 1044 543 1146 praepararet
569 1066 698 1126 acturus
730 1063 765 1126 in
796 1063 964 1127 consulatu
990 1063 1130 1147 principi
1157 1067 1291 1149 gratias,

97 1165 195 1248 liber,
217 1186 311 1249 quem
333 1163 418 1228 forte
440 1167 609 1248 acceperat
631 1165 852 1250 grandiorem,
882 1167 914 1229 et
942 1165 1012 1228 seni
1040 1170 1073 1229 et
1099 1167 1200 1230 stanti
1222 1168 1293 1251 ipso

97 1265 238 1350 pondere
261 1266 387 1350 elapsus
404 1269 463 1331 est.
500 1265 587 1330 hunc
609 1267 684 1331 dum
707 1267 850 1351 sequitur
866 1266 1065 1350 colligitque,
1089 1268 1237 1350 perleve
1260 1272 1293 1333 et

61 1393 84 1430 10
97 1367 256 1432 lubricum
278 1370 498 1452 pavimentum
520 1369 653 1433 fallente
680 1369 829 1453 vestigio,
842 1367 957 1433 cecidit
986 1390 1159 1452 coxamque
1180 1370 1291 1455 fregit,

98 1491 179 1553 quae
201 1493 315 1554 parum
343 1474 418 1554 apte
441 1471 596 1535 collocata
623 1471 804 1535 reluctante
832 1472 937 1534 aetate
959 1469 1042 1534 male
1070 1471 1156 1535 coiit.
1198 1470 1322 1536 huius6

97 1571 158 1635 riri
180 1572 332 1655 exequiae
354 1593 509 1657 magnum
536 1575 761 1640 ornamentum
787 1572 943 1657 principi,
972 1594 1127 1657 magnum
1154 1573 1290 1658 saeculo,

97 1695 252 1758 magnum
275 1675 372 1738 etiam
399 1674 469 1738 foro
492 1677 524 1738 et
550 1673 662 1739 rostris
690 1673 878 1759 attulerunt.
924 1673 1070 1738 laudatus
1100 1678 1149 1739 est
1177 1697 1292 1740 acon-

98 1775 165 1839 sule
188 1775 336 1841 Cornelio
358 1776 486 1840 Tacito:
514 1798 590 1840 nam
617 1775 671 1841 hic
693 1797 859 1860 supremus
886 1775 1036 1840 felicitati
1059 1777 1125 1840 eius
1149 1778 1292 1841 cumulus

62 1877 250 1960 seccessit,
273 1878 421 1942 laudator
443 1877 730 1962 eloquentissimus.
769 1881 801 1941 et
821 1877 876 1942 ille
904 1877 1031 1962 quidem
1058 1878 1172 1963 plenus
1196 1880 1319 1943 annisi

98 1978 193 2063 abiit,
216 1980 331 2064 plenus
353 1979 543 2060 honoribus,
565 1979 630 2043 illis
652 1979 759 2043 etiam·
772 2000 850 2063 quos
872 1980 1044 2043 recusavit:
1067 1980 1159 2044 nobis
1181 1984 1291 2046 tamen

97 2081 297 2165 quaerendus
320 2103 357 2146 ac
385 2081 612 2145 desiderandus
640 2084 689 2144 est
715 2083 752 2144 ut
774 2081 936 2164 exemplar
958 2082 1029 2144 aevi
1049 2081 1181 2166 prioris,
1211 2083 1291 2147 mihi

98 2204 172 2247 vero
194 2183 381 2267 praecipue,
406 2183 460 2268 qui
482 2182 573 2246 illum
594 2204 661 2247 non
677 2182 780 2247 solum
794 2182 921 2266 publice
936 2186 1091 2266 quantum
1107 2184 1290 2250 admirabar

96 2288 225 2349 tantum
247 2285 435 2369 diligebam3
457 2285 596 2368 primum
618 2285 702 2369 quod
716 2284 842 2369 utrique
858 2285 968 2348 eadem
983 2285 1073 2369 regio
1079 2335 1088 2369 ,
1112 2285 1320 2370 municipia8

59 2386 251 2472 relinitima,
274 2387 344 2472 agri
368 2387 465 2450 etiam
485 2385 765 2471 possessionesque
787 2386 993 2470 coniunctae,
1017 2392 1184 2470 praeterea
1206 2390 1289 2473 quod

96 2487 151 2552 ille
172 2487 252 2552 mihi
273 2490 361 2551 tutor
382 2487 513 2552 relictus
536 2487 698 2551 adfectum
720 2488 864 2571 parentis
887 2487 1041 2552 exhibuit.
1072 2489 1119 2553 sic
1142 2490 1290 2554 candida-

96 2596 165 2655 tum
187 2612 238 2654 me
260 2589 413 2674 suffragio
435 2590 578 2672 ornavit,
602 2590 648 2653 sic
671 2589 712 2653 ad
734 2611 844 2654 omnes
859 2588 996 2654 honores
1018 2611 1105 2654 meos
1128 2613 1167 2654 ex
1189 2613 1289 2656 seces-

96 2692 184 2757 sibus
206 2693 395 2774 accucurrit,
421 2713 493 2756 cum
514 2690 718 2774 iampridem
740 2691 808 2753 eius
829 2689 915 2752 modi
929 2689 1044 2754 officiis
1059 2693 1287 2777 renuntiasset,

96 2796 142 2859 sic
163 2794 219 2858 illo
242 2794 302 2875 die,
324 2814 387 2877 quo
403 2791 582 2856 sacerdotes
605 2791 710 2854 solent
731 2791 898 2855 nominare
920 2813 998 2876 quos
1014 2793 1219 2878 dignissimos
1241 2817 1290 2859 sa-

57 2894 237 2959 sacerdotio
264 2893 424 2976 iudicant,
459 2914 508 2956 me
536 2913 660 2975 semper
687 2892 887 2958 nominabat.
932 2893 1011 2978 quin
1040 2895 1137 2958 etiam
1165 2896 1200 2960 in
1227 2895 1319 2960 hac9

96 2996 270 3061 novissima
290 2994 473 3059 valetudine
495 2994 615 3059 veritus
636 3015 678 3057 ne
699 2993 784 3058 forte
812 2995 898 3058 inter
919 2995 1145 3080 quinqueviros
1168 3020 1289 3062 creare

96 3101 165 3182 tur,
189 3097 243 3181 qui
265 3096 446 3161 minuendis
467 3095 604 3179 publicis
626 3096 806 3179 sumptibus
829 3095 947 3160 iudicio
961 3100 1093 3161 senatus
1117 3099 1288 3163 constitue-

96 3200 231 3283 bantur,
256 3221 327 3264 cum
348 3197 396 3262 illi
416 3200 468 3261 tot
489 3197 584 3261 amici
611 3218 703 3261 senes
726 3198 970 3283 consularesque
992 3203 1209 3285 superessent,
1238 3222 1289 3264 me

164 3425 178 3472 1
197 3423 291 3473 fuerat
307 3437 353 3473 om.
372 3435 387 3470 r
438 3426 521 3486 atque
535 3423 737 3472 amenissimum
756 3421 841 3471 filium
858 3426 997 3489 tamquam
1016 3423 1091 3472 aliud
1108 3424 1182 3473 hunc
1200 3425 1288 3488 ipsum

97 3505 110 3540 r
177 3492 404 3555 2ipsumom.1>
473 3489 691 3552 3altissimosp
759 3490 985 3553 itranquilitatc
1002 3491 1025 3538 V
1094 3488 1166 3557 pari]
1187 3495 1288 3556 paral>

146 3558 302 3608 ualitudine
320 3559 369 3606 Π
438 3560 613 3608 tremores
666 3560 881 3623 trepararetll
948 3563 1135 3624 ¹conspectur
1186 3560 1288 3610 thaec

98 3661 158 3711 dum
169 3661 422 3724 sequiturJiz'ccard.
433 3659 506 3710 hunc
526 3659 587 3708 (lum
599 3660 774 3724 consequitur
791 3674 807 3722 p
877 3662 907 3709 11
922 3643 1061 3727 collocati
1079 3663 1101 3709 V
1222 3661 1288 3711 coiit

30 3768 33 3775 .
96 3732 161 3784 Ἐςι
179 3729 353 3790 coitlivlip
372 3729 477 3778 cohitr
546 3724 692 3794 lectiam]
713 3732 772 3778 etr
824 3731 855 3778 14
872 3728 917 3777 hic
935 3743 1075 3794 supremus
1099 3726 1238 3793 (supparus
1255 3728 1287 3791 F)

98 3798 232 3847 felicitati
250 3797 310 3846 cius
332 3796 454 3847 cumulus
472 3797 543 3844 rra
561 3795 606 3846 hic
626 3798 685 3846 eius
704 3811 847 3860 supremus
870 3796 1004 3847 felicitati
1027 3796 1152 3846 cumulus
1169 3797 1224 3844 MV
1241 3797 1288 3847 hic

97 3879 240 3931 supremus
267 3863 388 3914 cumulus
416 3863 548 3914 felicitati
568 3864 724 3926 (felicitatis
742 3865 770 3926 p)
789 3866 847 3913 eius
865 3879 900 3927 pr
921 3865 965 3913 hie
988 3866 1047 3914 eius
1066 3880 1208 3928 supremus
1225 3864 1287 3914 feli-

98 3934 178 3984 citati
194 3932 355 3988 calculuse
430 3933 461 3981 16
480 3931 551 3981 abiit
567 3935 702 3994 Ὴρςα
720 3932 846 3981 abitFD
865 3933 984 3982 Riccard.
1002 3933 1103 3983 obiitr
1174 3934 1204 3982 17
1222 3948 1288 3996 que-

97 4001 235 4051 rendusl'
305 4001 527 4062 estnobisutp
613 4001 677 4051 aeui
695 4001 803 4062 FDpra
821 4001 897 4050 uitae
915 4001 993 4055 Ὴς
1080 4000 1111 4049 18
1129 4015 1183 4049 non
1201 3999 1288 4050 solum

96 4069 207 4134 publice
225 4068 274 4118 sed
293 4067 399 4131 (uerum
416 4066 440 4134 r)
461 4068 544 4117 etiam
564 4069 694 4132 priuatim
714 4073 843 4132 quantum
861 4083 896 4117 ra
919 4075 944 4118 et
961 4076 1094 4119 corrector
1118 4069 1213 4118 codicia
1236 4069 1288 4116 Vo-

96 4140 174 4189 ticcm'
244 4138 276 4188 le
295 4137 390 4186 eadem
407 4137 519 4200 utrique
537 4140 591 4199 pr*
660 4137 736 4201 regio
754 4154 801 4188 om.
820 4139 841 4186 l?
858 4140 884 4186 in
898 4139 951 4200 line
968 4152 1056 4187 versus
1074 4142 1099 4185 et
1115 4136 1236 4186 Riccord.

96 4208 128 4256 20
146 4205 390 4269 finitima-utrique
409 4205 470 4269 egri
488 4203 542 4266 pr*
610 4207 640 4254 21
661 4210 735 4253 tutor
751 4204 817 4254 mihi
835 4200 910 4266 pr*a
986 4207 1019 4254 22
1037 4203 1147 4253 honoris
1164 4205 1220 4251 MV

97 4273 304 4324 succcessibus
322 4274 345 4321 V
364 4272 522 4322 excessibus
540 4274 593 4321 HF
611 4274 731 4324 Riccard.
751 4289 784 4322 ex
802 4273 977 4323 successibus
994 4286 1009 4319 r
1076 4273 1109 4320 23
1129 4271 1287 4321 accucurrit

95 4342 177 4390 m
195 4341 317 4392 Riccnrd.
336 4340 567 4401 saecurritllpr
636 4341 786 4390 eiusmodi
820 4341 954 4390 eisdemr
1021 4341 1219 4388 nuntiassetli

94 4409 327 4476 24quoqua1¹
395 4409 580 4458 nominauitr
647 4410 680 4458 25
700 4407 781 4458 etiam
816 4414 874 4458 etr
946 4411 979 4458 26
997 4407 1151 4456 ualitudine
1170 4407 1219 4454 Π

93 4481 201 4529 ueritus
233 4479 356 4540 uirtusp
426 4477 622 4541 quinqueuiros
641 4478 701 4541 ipsc
721 4481 895 4539 creareturp
963 4478 996 4526 28
1014 4491 1075 4524 cum
1094 4476 1155 4540 ipse
1173 4475 1246 4524 illir

92 4547 296 4598 consularesn
364 4611 369 4618 .

142 4631 214 4697 Parpr
226 4628 429 4670 mmmmm.
1067 4632 1083 4679 3
