3024 5062
203 287 268 352 370
728 300 757 349 c.
780 301 877 349 11111

204 478 299 540 quam
321 458 494 521 senatores.
533 454 676 539 plerique
704 457 813 519 tamen
835 476 902 519 non
923 457 991 519 tam
1014 454 1165 538 superbia
1191 475 1288 538 quam
1310 455 1398 517 metu

204 558 341 642 quodam
363 559 655 623 summovebantur.
690 579 733 621 an
761 560 943 642 stuprorum
972 556 1032 621 sibi
1061 555 1321 640 incestarumque
1342 577 1399 620 no·

206 659 305 724 ctium
327 660 447 726 conscii
469 659 612 744 auspicia
633 659 774 742 polluere
789 662 1012 743 sacratumque
1035 680 1184 743 campum
1198 658 1323 722 nefario
1346 680 1399 722 au-

205 760 319 826 derent
348 765 567 827 contaminare
595 760 756 846 vestigio?
791 782 857 825 non
886 761 964 824 adeo
992 760 1066 824 deos
1096 758 1304 844 hominesque
1326 781 1400 824 con·

205 867 419 948 tempserunt,
448 867 485 928 ut
512 864 547 928 in
574 864 631 928 illa
653 863 887 949 speciosissima
913 863 987 928 sede
1014 863 1180 928 hominum
1208 864 1426 946 deorumque5

207 967 367 1031 coniectos
389 968 425 1030 in
455 966 618 1031 sacculos
646 966 730 1031 ferre
753 987 791 1031 11
812 966 937 1050 perpeti
960 969 1101 1050 possent.
1138 966 1199 1053 tibi
1228 967 1342 1029 contra
1369 969 1402 1028 et

206 1068 382 1133 moderatio
408 1071 466 1132 tua
494 1067 595 1132 suasit
622 1071 656 1132 et
677 1069 833 1132 sanctitas
860 1071 897 1132 ut
925 1070 957 1132 te
986 1072 1018 1132 et
1044 1067 1194 1153 religu‘oni
1216 1061 1348 1132 deorum
1370 1069 1403 1130 et

154 1168 329 1234 64iudiciis
351 1169 517 1234 hominum
539 1169 715 1234 exhiberes.
754 1169 807 1234 alii
837 1171 1039 1235 consulatum
1061 1173 1138 1234 ante
1160 1192 1254 1255 quam
1279 1170 1403 1254 accipe·

207 1275 294 1354 rent,
324 1275 360 1336 tu
392 1276 424 1336 et
451 1274 526 1336 dum
554 1272 674 1357 accipis
702 1272 855 1337 meruisti.
892 1270 1024 1356 peracta
1046 1275 1140 1337 erant
1161 1272 1331 1336 sollemnia
1354 1292 1403 1335 co-

206 1374 386 1457 mitiorum,
411 1375 438 1438 si
459 1373 640 1458 principem
663 1374 843 1458 cogitares,
872 1373 998 1459 iamque
1021 1396 1055 1439 se
1077 1375 1180 1438 omnis
1201 1373 1298 1438 turba
1321 1376 1403 1438 1111-
1418 1389 1442 1427 10

208 1478 369 1559 moverat,
393 1497 464 1540 cum
487 1479 523 1540 tu
546 1476 738 1541 mirantibus
762 1477 886 1541 cunctis
908 1477 1032 1542 accedis
1056 1477 1096 1541 ad
1119 1477 1258 1542 consulis
1280 1476 1403 1560 sellam,

178 1579 180 1583 ’
210 1577 405 1661 adigendum
436 1581 468 1642 te
490 1579 624 1663 praebes
657 1578 692 1642 in
725 1579 822 1643 verba
849 1578 1050 1663 principibus
1077 1579 1206 1663 ignota,
1238 1579 1305 1643 nisi
1334 1600 1405 1644 eum

208 1680 313 1744 iurare
337 1684 489 1765 cogerent
511 1680 600 1744 alios.
631 1679 719 1744 vides
742 1701 838 1764 quam
852 1679 1067 1745 necessarium
1082 1679 1180 1744 fuerit
1203 1680 1406 1745 consulatum

209 1804 275 1845 non
297 1803 460 1846 recusare:
488 1803 553 1846 non
580 1785 782 1866 putassemus
810 1781 895 1846 istud
924 1785 958 1846 te
979 1781 1141 1846 facturum
1161 1782 1278 1866 fuisse,
1308 1783 1336 1846 si
1358 1805 1406 1848 re·

211 1905 364 1948 cusasses.
407 1887 536 1969 stupe0,
569 1886 678 1968 patres
710 1883 900 1968 conscripti,
934 1884 1070 1948 necdum
1102 1883 1181 1948 satis
1214 1887 1271 1948 aut
1305 1885 1443 1949 oculis1⁵

210 1986 289 2049 meis
318 1988 375 2050 aut
403 1986 531 2050 auribus
561 1986 654 2050 credo
687 1988 782 2069 atque
810 1985 985 2049 identidem
1011 2007 1062 2050 me
1090 2007 1132 2050 an
1161 1986 1334 2070 audierim,
1363 2008 1406 2051 an

212 2088 346 2151 viderim
378 2088 553 2173 interrogo.
596 2087 770 2172 imperator
803 2108 880 2172 ergo
909 2090 942 2151 et
969 2085 1087 2152 Caesar
1121 2096 1152 2151 et
1178 2087 1347 2172 Augustus
1379 2102 1408 2152 et

210 2189 355 2272 pontifex
377 2191 535 2254 maximus
558 2189 648 2254 stetit
671 2192 747 2254 ante
768 2189 926 2274 gremium
948 2188 1103 2273 consulis,
1127 2187 1273 2273 seditque
1297 2189 1407 2254 consul
1435 2272 1436 2276 Ἰ

211 2292 357 2376 principe
380 2296 456 2356 ante
479 2313 513 2356 11
535 2294 657 2375 stante,
681 2294 714 2356 et
735 2291 818 2356 sedit
839 2291 1039 2374 inturbatus,
1063 2291 1247 2375 interritus,
1271 2295 1306 2355 et
1327 2295 1406 2355 tam-

211 2415 307 2478 quam
328 2394 374 2458 ita
396 2394 465 2458 fieri
487 2394 612 2458 soleret.
648 2394 726 2478 quin
748 2393 846 2458 etiam
875 2394 988 2458 sedens
1015 2401 1110 2459 stanti
1129 2393 1268 2479 praeivit
1289 2395 1340 2459 ius
1361 2395 1407 2458 iu·
1420 2412 1443 2450 20

211 2496 364 2580 randum,
395 2499 427 2560 et
454 2494 508 2560 ille
539 2496 673 2579 iuravit,
704 2496 861 2580 expressit
889 2495 1136 2580 explanavitque
1164 2497 1262 2562 verba
1291 2497 1407 2582 quibus

212 2600 310 2682 caput
324 2619 431 2681 suum,
455 2598 582 2661 domum
598 2619 704 2681 suam,
727 2598 755 2661 si
770 2597 874 2662 sciens
889 2597 1075 2682 fefellisset,
1097 2597 1228 2663 deorum
1250 2599 1319 2664 irae
1334 2621 1407 2664 con-

212 2703 362 2764 secraret.
405 2700 531 2784 ingena,
555 2698 688 2782 (laesor,
718 2702 751 2763 et
772 2720 832 2783 par
846 2699 949 2784 gloria
970 2702 1043 2783 111,
1073 2699 1140 2765 sive
1162 2699 1302 2765 fecerint
1323 2701 1407 2766 istud

211 2805 323 2887 postea
344 2802 523 2887 principes,
551 2802 617 2867 sive
639 2823 706 2865 non
728 2801 874 2866 fecerint.
912 2801 1020 2866 ullane
1048 2801 1127 2866 satis
1154 2800 1256 2887 digna
1284 2803 1407 2888 praedi-

214 2905 297 2969 catio
320 2907 369 2968 est
390 2905 474 2968 idem
496 2903 593 2968 tertio
621 2902 783 2968 consulem
811 2903 926 2969 fecisse
954 2904 1037 2989 quod
1059 2905 1177 2989 primo,
1208 2905 1294 2969 idem
1320 2906 1406 2991 prin·
1419 2920 1440 2960 2⁵

215 3006 317 3090 cipem
339 3005 422 3090 quod
443 3006 623 3089 privatum,
651 3005 736 3070 idem
758 3004 983 3090 imperatorem
1004 3006 1087 3092 quod
1110 3007 1169 3072 sub
1191 3007 1407 3094 imperatore?

213 3107 321 3172 nescio
342 3108 423 3192 iam,
454 3108 562 3172 nescio
590 3107 796 3191 pulchriusne
819 3109 861 3172 sit
881 3108 968 3172 istud
998 3109 1082 3194 quod
1109 3113 1286 3194 praeeunte
1308 3110 1405 3194 nullo,

162 3205 257 3275 6511
279 3210 340 3274 hoc
362 3210 446 3295 quod
469 3209 531 3274 alio
553 3212 728 3294 praeeunte
750 3210 874 3275 iurasti.
909 3211 944 3274 in
958 3211 1071 3276 rostris
1093 3233 1219 3296 quoque
1240 3213 1340 3278 simili
1359 3202 1406 3277 re·

213 3313 335 3397 ligione
367 3312 436 3397 ipse
457 3315 490 3376 te
512 3311 638 3397 legibus
667 3311 849 3396 subiecisti,
878 3311 1018 3398 legibus,
1046 3312 1179 3400 Caesar,
1207 3336 1288 3399 quas
1315 3336 1405 3380 nemo

213 3415 354 3501 principi
376 3415 515 3500 scripsit.
546 3415 601 3479 sed
622 3418 659 3479 tu
673 3414 756 3479 nihil
771 3415 907 3499 amplius
922 3416 970 3480 vis
991 3415 1052 3480 tibi
1073 3415 1171 3481 licere
1186 3438 1285 3502 quam
1299 3418 1433 3483 1111111111

215 3517 261 3581 111
283 3516 321 3581 fit
342 3520 379 3581 ut
400 3539 458 3582 nos
480 3517 541 3582 tibi
562 3517 635 3602 plus
657 3517 801 3583 velimus.
839 3519 924 3603 quod
952 3540 1012 3604 ego
1033 3540 1121 3584 nune
1142 3519 1283 3603 primum
1305 3521 1404 3602 audio,

285 3678 298 3724 1
318 3675 475 3740 superbiam
494 3689 576 3738 quam
594 3680 695 3742 metum
714 3674 730 3738 β
807 3675 823 3723 ὅ
840 3674 1046 3740 speciosissima
1061 3675 1125 3725 Acd
1143 3677 1352 3742 speciosissima
1368 3677 1404 3730 Βς

285 3746 317 3794 13
335 3743 419 3793 fuerit
436 3743 453 3791 11
470 3744 561 3794 111111
578 3744 601 3791 Δ
619 3743 672 3793 1111
689 3744 751 3792 Bao
822 3745 853 3793 14
870 3743 1009 3794 facturum
1026 3749 1054 3794 te
1072 3745 1116 3798 Βς
1186 3745 1219 3795 15
1237 3745 1403 3810 necdumque

215 3812 286 3864 satis
303 3813 347 3866 Βς
428 3813 519 3861 161111
539 3828 575 3861 an
594 3812 727 3862 audierim
746 3827 781 3862 an
800 3811 915 3863 uiderim
931 3812 976 3868 Δς
995 3827 1037 3863 me
1057 3827 1092 3862 an
1112 3811 1246 3862 audierim
1266 3813 1404 3864 111111111-

216 3882 266 3931 rim
283 3881 326 3929 Ba
344 3895 387 3930 mc
407 3877 452 3942 (ne
469 3878 498 3944 d)
517 3880 651 3929 audierim
670 3885 718 3930 aut
734 3879 852 3931 uiderim
870 3882 907 3930 od
1060 3883 1091 3932 17
1109 3877 1266 3948 interrogo]
1284 3882 1404 3946 intelligo

216 3950 251 3998 od
303 3952 332 3999 et
350 3946 455 3998 Caesar
472 3952 501 3997 et
518 3947 659 4013 Augustus
679 3953 707 3998 et
719 3949 845 4013 pontifex
857 3951 986 4000 Livineius
1003 3957 1029 4000 11
1045 3951 1131 4001 codem
1146 3949 1261 4000 Venetus
1274 3949 1406 4017 Setrpmii

218 4023 245 4067 ct
263 4032 361 4067 caesar
381 4021 409 4066 et
428 4021 561 4081 augustus
578 4016 703 4082 pontifex
720 4017 768 4065 AB
787 4023 815 4067 et
834 4033 932 4067 caesar
950 4023 1084 4084 augustus
1101 4017 1228 4083 pontifex
1246 4018 1283 4068 111
1379 4019 1404 4067 19

217 4100 246 4135 se
264 4086 345 4135 om.b
416 4088 444 4134 ct
462 4084 535 4135 sedit
552 4085 635 4133 Bacd
653 4089 681 4133 et
699 4099 728 4132 se
746 4086 769 4133 A
837 4085 985 4136 accedens
1008 4086 1094 4136 stanti
1112 4086 1235 4152 praeiuit
1253 4087 1278 4136 Ι.
1296 4088 1336 4136 F,
1349 4087 1405 4137 (iro-

217 4151 861 4218 1111111111.11]]161111111111111111111111
887 4153 986 4204 sedens
1013 4153 1109 4204 sedens
1135 4154 1250 4219 prebuit
1268 4157 1285 4204 11
1302 4155 1406 4220 prebuit

218 4221 277 4281 (om.
295 4221 404 4285 sedens)
421 4220 444 4269 A
462 4221 548 4271 stanti
567 4223 670 4286 praeiit
688 4222 766 4270 editio
784 4222 962 4286 Lupduneusis
979 4237 1003 4271 α.
1018 4224 1087 4272 1531
1104 4228 1130 4272 ct
1147 4221 1273 4273 Sictardi
1288 4225 1316 4274 in
1332 4238 1405 4286 mcrp.

284 4292 316 4339 22
335 4290 426 4339 sciens
445 4291 573 4340 Liuineius
590 4291 713 4339 scienter
730 4288 820 4338 Aaou
904 4292 937 4340 23
955 4294 1005 4339 tua
1022 4307 1070 4343 om.
1087 4290 1111 4340 A
1187 4292 1223 4340 24
1241 4291 1405 4357 praedicatio

217 4356 300 4422 digna
317 4358 360 4411 Βς
440 4355 557 4422 2711111]
579 4373 613 4407 an
633 4357 667 4420 βο
752 4360 786 4408 30
803 4355 884 4423 nibil]
903 4357 942 4407 nil
959 4359 982 4406 A
1067 4361 1098 4410 31
1119 4358 1192 4424 quod
1211 4374 1265 4425 ego
1283 4361 1333 4411 AB
1350 4357 1406 4426 quid

218 4428 323 4491 egued
342 4425 413 4490 quod
433 4441 497 4490 ergo
518 4428 657 4477 Geanerua:
686 4426 749 4491 quid
769 4429 821 4491 eg'o
840 4427 916 4492 (quid
934 4441 998 4492 ergo
1017 4425 1188 4494 Selenuntes)
1206 4443 1281 4479 nunc
1298 4429 1405 4496 primum

217 4494 297 4544 audio
315 4509 387 4543 nunc
407 4495 523 4559 primum
541 4495 635 4545 disco?
653 4495 758 4559 Lipsius
775 4502 800 4545 et
818 4495 977 4546 Solwurziuc
1098 4510 1173 4546 nuuc
1194 4497 1314 4562 primum
1333 4497 1405 4548 audio
1428 4525 1431 4530 Δ

218 4579 263 4615 om.
282 4563 305 4610 A
