3024 5062
200 265 263 330 332
722 279 750 326 c.
774 279 872 326 sunu

199 433 405 518 processerit,
434 434 471 497 ut
492 430 575 496 iram
596 434 685 496 tuam
708 430 1030 517 indignationemque
1051 434 1228 515 mereatur,
1256 452 1299 497 ne
1328 431 1394 515 ille,

200 538 266 600 sive
287 535 444 600 interfuso
459 533 541 598 mari
563 556 618 598 seu
632 533 817 598 fluminibus
838 533 1003 598 immensis
1015 537 1078 598 'seu
1092 532 1263 617 praecipiti
1285 536 1395 598 monte

201 636 399 719 defenditur,
430 636 539 700 omnia
565 635 646 700 haec
672 638 740 700 tam
767 657 870 720 prona
896 637 1031 720 temque,
1055 634 1201 700 cedentia
1222 636 1395 700 virtutibus

106 723 110 729 ’
200 739 265 803 tuis
280 732 414 822 sentiet,
431 740 468 801 ut
482 737 665 803 subsedisse
678 739 803 802 montes
810 766 824 820 ,·
836 736 970 802 flumina
985 735 1163 819 exaruisse,
1179 735 1396 822 interceptum

200 861 289 904 mare
315 840 497 923 inlatasque
524 839 586 903 sibi
613 859 679 903 non
709 838 826 905 classes
853 841 997 921 nostras,
1026 837 1083 902 sed
1108 839 1212 903 terras
1233 838 1323 922 ipsas
1346 859 1422 902 are

153 941 348 1008 1111111111.
379 940 487 1006 videor
509 941 573 1005 iam
589 961 720 1005 cernere
741 961 808 1005 non
830 940 941 1025 spoliis
955 939 1194 1025 provinciarum
1216 943 1249 1005 et
1271 943 1397 1004 extorto

201 1043 296 1108 sociis
330 1064 423 1126 auro,
458 1042 513 1107 sed
539 1041 710 1107 hostilibus
743 1043 841 1107 armis
869 1045 1099 1126 captorumque
1132 1061 1246 1127 regum
1273 1041 1398 1106 catenis

201 1143 400 1228 triumphum
422 1165 567 1229 gravem:
589 1143 699 1209 videor
716 1144 865 1229 ingentia
880 1145 997 1209 ducum
1011 1143 1144 1208 nomina
1162 1164 1223 1208 nec
1244 1143 1398 1209 indecora

199 1245 385 1310 ‘nominibus
402 1266 535 1330 corpora
548 1246 725 1310 noscitare:
748 1245 857 1311 videor
879 1245 999 1310 intueri
1012 1245 1209 1311 immanibus
1224 1244 1310 1309 ausis
1325 1245 1397 1309 bar-

201 1347 351 1411 barorum
373 1350 488 1411 onusta
517 1346 639 1411 fercula
668 1348 701 1411 et
722 1368 779 1411 sua
806 1368 963 1431 quemque
989 1346 1078 1412 facta
1104 1346 1221 1412 vinetis
1247 1347 1397 1413 manibus
1411 1373 1435 1412 ro

201 1452 404 1533 sequentem
433 1470 507 1513 mox
528 1448 634 1532 ipsum
662 1451 694 1513 te
716 1447 884 1513 sublimem
905 1447 1145 1533 instantemque
1172 1470 1269 1514 curru
1296 1448 1399 1514 domi·

201 1553 308 1616 tarum
331 1551 477 1636 gentium
491 1554 603 1636 tergo,
626 1552 703 1615 ante
726 1571 852 1615 currum
870 1553 978 1615 autem
1001 1549 1119 1634 clipeos
1134 1572 1214 1635 quos
1235 1551 1306 1636 ipse
1327 1572 1397 1637 per-

201 1652 330 1717 foderis.
363 1673 424 1717 nec
445 1652 504 1716 tibi
527 1652 635 1736 opima
648 1652 827 1736 defuerint,
851 1651 950 1736 siquis
971 1673 1084 1738 regum
1099 1654 1209 1718 venire
1230 1654 1268 1718 in
1282 1675 1397 1719 manus

203 1755 318 1819 audeat
344 1776 405 1819 nec
424 1754 518 1819 modo
545 1755 682 1819 telorum
703 1756 831 1819 tuorum
852 1755 908 1819 sed
922 1753 1088 1819 oculorum
1109 1755 1208 1820 etiam
1221 1754 1397 1820 minarum·

202 1878 263 1940 que
279 1857 459 1921 coniectum
473 1858 543 1921 toto
559 1878 671 1940 campo
691 1858 821 1940 totoque
836 1856 978 1920 exercitu
999 1856 1146 1941 opposito
1161 1856 1395 1941 perhorrescat.
1410 1883 1432 1924 11

201 1958 347 2023 meruisti
368 1958 514 2042 proxima
535 1957 753 2024 moderatione
775 1961 826 2042 ut,
851 1957 1115 2043 quandocumque
1142 1961 1175 2023 te
1202 1958 1255 2023 vel
1275 1958 1396 2023 inferre

202 2058 253 2123 vel
274 2060 461 2143 propulsare
476 2059 595 2124 bellum
611 2059 752 2144 coegerit
772 2061 899 2145 imperii
921 2059 1080 2145 dignitas,
1103 2081 1171 2127 non
1192 2061 1265 2126 ideo
1282 2060 1397 2126 vicisse

154 2165 192 2229 18
202 2161 354 2245 videaris,
376 2164 413 2226 ut
434 2160 665 2246 triumphares,
688 2161 743 2225 sed
764 2160 978 2246 triumphare,
1002 2163 1078 2246 quia
1098 2162 1222 2227 viceris.
1257 2162 1345 2227 aliud
1358 2183 1396 2227 ex

203 2262 266 2327 alio
288 2262 367 2327 mihi
389 2262 536 2328 occurrit.
571 2285 668 2347 quam
689 2262 868 2347 speciosum
896 2265 945 2328 est
967 2263 1054 2328 enim
1080 2264 1165 2349 quod
1192 2264 1396 2350 disciplinam

203 2368 380 2431 castrorum
401 2364 525 2449 lapsam
548 2364 785 2449 extinctamque
806 2365 952 2430 refovisti
980 2365 1112 2450 depulso
1133 2366 1250 2450 prioris
1279 2366 1430 2432 saeculis

202 2466 303 2550 malo,
325 2465 443 2531 inertia
466 2469 499 2530 et
521 2467 729 2531 contumacia¹
745 2469 778 2532 et
799 2467 1027 2552 dedignatione
1047 2467 1198 2551 parendi!
1222 2471 1330 2534 tutum
1349 2471 1397 2534 est

201 2569 431 2653 reverentiam,
455 2571 562 2633 tutum
585 2569 753 2634 caritatem
775 2569 906 2654 mereri,
930 2590 991 2634 nec
1013 2569 1130 2635 ducum
1151 2569 1320 2654 quisquam
1343 2573 1397 2635 aut

201 2693 269 2736 non
291 2671 391 2735 amari
407 2692 426 2734 a
441 2669 598 2735 militibus
614 2673 670 2734 aut
684 2671 786 2735 amari
807 2671 916 2736 timet:
942 2668 997 2760 [et]
1021 2671 1097 2736 inde
1113 2671 1254 2738 offensae
1277 2672 1397 2758 pariter

202 2774 389 2859 gratiaeque
403 2772 507 2837 securi
527 2773 653 2839 instant
670 2772 833 2856 operibus,
859 2773 977 2839 adsunt
991 2773 1286 2857 exercitationibus,
1308 2780 1397 2838 111111

202 2875 329 2940 moenia
351 2873 434 2939 viros
457 2876 580 2959 aptant.
614 2876 732 2960 quippe
746 2895 813 2940 non
835 2875 863 2939 is
884 2874 1035 2959 princeps
1056 2875 1111 2960 qui
1133 2875 1196 2941 sibi
1216 2875 1428 2960 immineres

202 2976 264 3040 sibi
291 2975 416 3040 intendi
444 2978 537 3059 putet
558 2975 642 3060 quod
669 2976 704 3040 in
731 2975 839 3042 hostes
866 2978 1012 3061 paretur3
1039 2999 1120 3062 quae
1146 2978 1314 3062 persuasio
1334 2978 1396 3044 fuit

168 3136 171 3144 .
201 3077 329 3142 illorum
351 3079 405 3162 qui
427 3076 571 3160 hostilia,
602 3098 674 3142 cum
696 3076 862 3161 lacerent,
893 3077 1063 3144 timebant.
1101 3079 1199 3144 iidem
1227 3100 1306 3165 ergo
1332 3082 1395 3144 tor-

202 3200 277 3262 pere
298 3179 451 3243 militaria
472 3179 578 3244 studia
599 3201 660 3245 nec
682 3180 806 3247 animos
827 3180 921 3246 modo
943 3180 999 3246 sed
1021 3183 1055 3246 et
1079 3202 1214 3266 corpora
1235 3182 1308 3267 ipsa
1329 3181 1394 3247 lan-

203 3387 404 3397 ——n—

271 3542 284 3588 1
304 3554 337 3588 ne
354 3539 404 3589 ille
422 3540 483 3589 siue
503 3537 554 3602 (vel
570 3538 642 3600 sine)
661 3539 758 3590 timore
776 3539 914 3590 interfuso
933 3541 1002 3590 mari
1020 3555 1035 3590 c
1086 3543 1102 3591 2
1120 3545 1211 3592 monte
1227 3542 1292 3591 Acd
1309 3546 1394 3593 morte

201 3624 269 3659 corr.
288 3610 322 3657 al.
341 3624 407 3658 man.
426 3611 518 3658 moute
536 3609 553 3656 b
570 3611 654 3658 morte
673 3607 688 3669 β
783 3611 800 3659 3
818 3606 978 3659 defenditur
995 3611 1051 3660 cod.
1071 3609 1177 3662 Medici.
1196 3621 1213 3664 ς
1231 3608 1395 3676 dependitur

201 3678 265 3725 Bad
282 3675 495 3741 deprehenditur
512 3674 557 3740 Ac
651 3675 668 3723 4
686 3676 788 3726 sentiet
805 3687 822 3730 ς
840 3680 937 3727 censet
953 3676 1035 3736 Aru,
1059 3692 1106 3730 om.
1125 3691 1140 3726 o
1157 3681 1254 3729 cernet
1272 3680 1313 3729 cel
1329 3680 1394 3730 sciet

201 3742 361 3795 Sebwcrzius
430 3744 586 3794 subsedisse
603 3745 639 3792 bo
656 3743 808 3794 subsidiem
825 3743 892 3807 Alld
944 3743 1026 3795 'ised
1043 3743 1191 3796 hostilibus
1209 3747 1232 3795 A
1252 3746 1394 3798 Caranusca

202 3812 250 3862 sed
267 3812 394 3863 hostibus
411 3811 454 3860 Bd
472 3810 519 3862 sed
536 3811 654 3862 hostium
673 3825 687 3860 a
738 3814 753 3862 9
771 3813 896 3862 uocitare
913 3812 956 3867 Βς
1009 3813 1083 3863 ausis
1101 3838 1134 3849 -
1152 3815 1185 3864 10
1203 3815 1332 3866 manibus
1349 3828 1392 3866 om.

200 3881 221 3929 B
291 3883 323 3931 10
341 3876 430 3946 facta]
451 3880 513 3929 fata
529 3882 614 3931 codex
635 3880 747 3930 Venetus
763 3879 905 3932 Schwarsr'i
971 3879 1113 3931 iunctisA
1200 3884 1230 3932 11
1251 3881 1394 3933 sublimem

202 3964 281 3998 curru
299 3949 505 4012 instantemque
526 3947 689 3999 domitarum
709 3949 871 3998 Hewaaanua
889 3950 985 4000 Poscit.
1004 3949 1055 3999 III
1074 3949 1123 3999 45·
1206 3951 1238 4000 13
1257 3950 1394 4002 defuerint

202 4016 236 4079 βο
253 4016 401 4066 defuerunt
418 4016 482 4065 Abd
552 4018 584 4066 14
602 4031 653 4066 neo
670 4031 724 4066 non
741 4014 820 4067 modo
844 4017 972 4068 decreras
1057 4019 1089 4068 15
1106 4017 1312 4082 perhorruisset
1329 4035 1393 4071 corr.

201 4088 234 4134 al.
251 4101 316 4135 man.
336 4083 529 4150 perhorrescat
545 4086 562 4133 b
658 4085 689 4135 16
707 4089 738 4133 ut
755 4084 972 4151 quandocunque
990 4086 1083 4141 Δς111
1101 4085 1267 4151 quandoque
1285 4086 1349 4139 rar
1364 4092 1394 4137 ut

128 4151 131 4157 '
201 4153 225 4202 si
244 4151 439 4216 quandoquec
509 4154 540 4202 18
557 4149 690 4217 ridearis]
710 4151 881 4202 iudicarisB
961 4156 994 4204 20
1011 4153 1120 4219 lapsam
1139 4155 1345 4220 extinctamque
1363 4154 1393 4217 βο

200 4220 307 4286 lapsam
326 4236 359 4270 ae
378 4221 530 4271 extinctam
546 4220 569 4268 A
586 4220 692 4285 lapsam
711 4222 864 4271 extinctam
881 4223 920 4271 bd
1004 4222 1179 4272 renousstic
1256 4225 1393 4273 2211111111

201 4290 347 4339 caritatem
364 4288 385 4337 B
403 4293 492 4339 tutum
510 4293 552 4339 est
570 4289 718 4339 caritatem
735 4290 879 4339 Actutum
898 4290 1090 4341 claritatemd
1158 4289 1331 4341 2301111111
1348 4307 1394 4356 pa-

200 4358 268 4421 riter
286 4358 446 4423 gratiaeque
464 4357 527 4406 Aed
554 4357 676 4408 offensae
703 4359 867 4422 gratiaeque
890 4359 998 4424 pariter
1014 4358 1058 4413 Βς
1081 4357 1205 4409 offensae
1232 4360 1394 4424 gratiaeque

201 4439 217 4473 a
284 4427 318 4475 24
336 4429 506 4476 armamenta
523 4426 599 4476 uiros
617 4426 748 4476 Livineius
816 4428 849 4476 25
867 4431 966 4493 aptant
982 4427 1079 4490 Bsod,
1098 4441 1168 4477 corr.
1188 4430 1290 4492 optant
1306 4428 1330 4476 A

201 4495 234 4542 26
252 4495 389 4557 parentB
456 4495 489 4544 27
508 4493 714 4545 timebanturB
782 4493 864 4544 iidem
883 4511 948 4560 ergo
966 4498 1075 4560 torpere
1086 4495 1131 4543 Ad
1148 4495 1222 4545 idem
1241 4510 1310 4561 ergo
1327 4500 1393 4546 tem·

201 4576 267 4627 pore
285 4561 329 4609 Ba
346 4562 419 4612 idem
437 4576 501 4626 ergo
520 4566 649 4628 torpeant
666 4576 680 4611 o
698 4561 793 4613 eodem
813 4579 879 4628 ergo
897 4568 1020 4626 tempore
1038 4565 1095 4616 cod.
1115 4564 1222 4614 Medici.
1240 4575 1257 4617 ς
