3024 5062
721 275 749 322 Ο.
775 275 871 322 l'LlNl

328 433 361 494 et
382 452 469 494 nunc
490 429 643 493 informet
664 428 804 494 Martem
826 431 987 494 castamve
1008 429 1198 513 Minervam,

370 553 457 596 nunc
479 531 638 597 Venerem
660 530 812 615 effingat,
836 553 924 597 nuno
945 531 1081 597 Veneris
1104 553 1254 617 peanum,

328 636 424 719 utque
447 634 529 698 sacri
550 633 657 697 fontes
679 655 746 697 non
767 632 836 698 sola
858 633 1008 698 incendia
1031 634 1161 719 sistunt,

299 727 304 738 ⁸
369 757 464 819 saepe
487 735 584 799 etiam
606 734 700 798 flores
722 756 882 818 vernaque
905 738 999 819 prata
1020 736 1149 802 iuvant:

328 839 374 902 sic
395 836 560 901 hominum
581 835 749 921 ingenium
770 836 857 900 flecti
879 836 1014 921 ducique
1035 858 1093 922 per
1115 841 1201 902 artes
1410 858 1423 896 s

369 962 436 1004 non
457 939 579 1024 rigidas
601 938 695 1003 docta
716 937 895 1003 mobilitate
917 939 1018 1005 decet.

154 1043 310 1126 lfitaque
333 1042 447 1106 summi
469 1042 626 1124 oratores,
656 1041 772 1105 summi
794 1039 892 1105 etiam
914 1040 975 1104 viri
997 1041 1044 1105 sic
1066 1061 1100 1104 se
1122 1045 1179 1106 aut
1202 1041 1398 1107 exercebant

154 1146 257 1209 13aut
279 1144 496 1226 delectabant,
524 1143 621 1207 immo
649 1141 855 1207 delectabant
881 1143 1145 1226 exercebantque.
1181 1166 1259 1208 nam
1280 1144 1397 1209 mirum

201 1249 250 1310 est
264 1249 301 1311 ut
315 1244 366 1311 his
381 1244 543 1330 opusculis
559 1244 684 1309 animus
705 1244 893 1309 intendatur
907 1245 1102 1310 remittatur.
1133 1245 1295 1329 recipiunt
1310 1245 1396 1311 enim

201 1369 341 1431 amores,
364 1348 453 1432 odia,
476 1349 556 1431 iras,
579 1345 845 1431 misericordiam,
872 1346 1106 1431 urbanitatem,
1130 1347 1237 1412 omnia
1260 1347 1397 1431 denique
1410 1366 1432 1405 1⁰

153 1451 192 1514 14
201 1470 282 1533 quae
304 1449 338 1513 iu
360 1451 428 1513 vita
450 1452 545 1534 atque
567 1449 663 1514 etiam
685 1449 719 1513 in
746 1448 817 1512 foro
840 1448 1005 1534 causisque
1029 1451 1207 1514 versantur.
1238 1448 1325 1514 inest
1346 1448 1397 1515 his

201 1573 325 1634 quoque
347 1551 457 1616 eadem
480 1573 562 1636 quae
584 1550 656 1615 eliis
679 1549 872 1615 carminibus
894 1547 1036 1635 utilitas,
1064 1552 1149 1635 quod
1170 1551 1265 1615 metri
1288 1572 1396 1617 neces·

201 1653 297 1717 sitete
313 1653 456 1718 defuncti
479 1653 583 1717 soluta
597 1652 742 1718 oratione
764 1652 921 1718 laetamur
936 1654 969 1717 et
983 1652 1067 1737 quod
1088 1653 1216 1717 facilius
1230 1674 1300 1718 csse
1324 1674 1395 1717 con·

152 1754 325 1839 lbparetio
347 1755 488 1820 ostendit
509 1753 663 1819 libentius
685 1753 864 1819 scribimus.
896 1753 996 1818 habes
1010 1754 1105 1838 plura
1126 1754 1225 1820 ctiam
1245 1754 1407 1839 fortasse,

200 1879 296 1941 quarn
318 1857 517 1941 requirebas,
547 1878 647 1921 unum
672 1859 782 1921 tamen
804 1855 913 1939 omisi;
941 1857 1116 1921 nonenim
1138 1856 1219 1941 dixi,
1248 1857 1429 1942 quaele-1⁵

200 1959 306 2043 gemla
329 1959 516 2023 arbitrarer:
538 1979 729 2043 quamquam
751 1958 833 2041 dixi,
857 1979 928 2022 cum
950 1957 1088 2023 dicerem
1110 1981 1192 2043 quae
1214 1959 1393 2025 scribenda.

200 2063 237 2124 tu
263 2059 446 2125 memineris
475 2061 523 2125 sui
551 2061 702 2145 cuiusque
729 2059 858 2145 generis
886 2063 1032 2124 auctores
1060 2059 1233 2145 diligenter
1264 2061 1393 2147 eligere.

153 2163 191 2226 16
202 2162 294 2227 aiunt
308 2162 393 2226 enim
409 2161 544 2227 multum
565 2161 738 2247 legendum
753 2183 821 2227 esse
829 2212 838 2246 ,
865 2183 931 2226 non
946 2162 1059 2227 multa.
1089 2162 1144 2246 qui
1158 2162 1226 2229 sint
1248 2162 1294 2248 hi,
1318 2163 1394 2229 adeo

200 2267 314 2328 notum
328 2265 558 2349 probatumque
574 2267 638 2347 est,
661 2267 699 2329 ut
713 2264 985 2329 demonstratione
1006 2285 1073 2329 non
1096 2266 1205 2349 egeat3
1228 2268 1261 2328 et
1276 2264 1394 2350 alioqui

200 2369 267 2430 tam
289 2366 456 2431 immodice
478 2357 647 2450 epistulam
670 2366 815 2449 extendi,
839 2368 891 2449 ut,
915 2365 990 2430 dum
1011 2365 1071 2431 tibi
1086 2387 1180 2450 quem
1203 2366 1244 2430 ad
1265 2367 1427 2432 moduma

200 2468 327 2533 studere
354 2468 469 2533 debeas
485 2468 629 2551 suadae,
659 2468 808 2533 studendi
828 2471 955 2552 tempus
977 2466 1174 2533 abstulerim.
1211 2469 1291 2553 quin
1319 2490 1394 2555 ergo

200 2569 374 2654 pugillares
400 2569 534 2634 resumis
562 2573 595 2635 et
621 2570 742 2656 aliquid
769 2592 808 2635 cx
835 2569 885 2635 his
912 2569 964 2635 vel
985 2569 1070 2635 istud
1092 2570 1198 2653 ipsum
1220 2571 1305 2656 quod
1327 2593 1394 2639 coe·

201 2693 294 2757 peras
316 2671 453 2737 scribis?
481 2670 563 2736 vale.

776 2840 817 2906 X.

534 2962 914 3015 e.en1u1usnsoa1uo
936 2963 1006 3014 suo
1026 2963 1053 3016 s.
1406 2970 1435 3010 25

175 3085 188 3144 l
286 3079 368 3156 Quia
381 3080 465 3165 ipse,
490 3102 561 3145 cum
576 3080 680 3164 prima
697 3079 847 3166 cognovi,
870 3081 1004 3166 iungere
1019 3084 1162 3146 extrema
1177 3083 1269 3166 quasi
1284 3083 1394 3148 avulsa

202 3183 309 3267 cupio,
337 3185 369 3246 te
391 3204 515 3267 quoque
542 3182 704 3247 existimo*
718 3182 800 3247 velle
826 3182 865 3247 de
886 3181 1016 3246 Vareno
1042 3186 1076 3247 et
1097 3181 1250 3268 Bithynis
1271 3185 1394 3269 reliqua

171 3287 404 3368 ‘lcognoseere
435 3286 508 3348 acta
530 3306 625 3349 causa
646 3283 724 3349 hinc
746 3306 765 3348 a
788 3284 963 3368 Polyaeno,
992 3283 1109 3349 iudea
1131 3285 1263 3371 Magno.
1294 3286 1394 3352 finitis

201 3387 381 3451 actionibus
410 3384 529 3451 Caesar
557 3389 695 3453 ‘neutra'
724 3386 830 3470 inquit
856 3394 943 3476 ‘pars
965 3387 1004 3451 de
1028 3408 1118 3453 mora
1139 3391 1306 3472 queretur:
1334 3388 1394 3452 erit

171 3489 277 3554 3mihi
308 3509 402 3554 curae
431 3487 596 3572 explorare
624 3488 809 3574 provinciae
837 3488 1060 3557 voluntatem?
1098 3489 1236 3555 multum
1263 3490 1393 3555 interim
1406 3505 1448 3543 ³⁰

201 3664 403 3672 -..---——-

269 3802 464 3862 loastamque
483 3813 500 3846 a
567 3799 690 3864 4praua
707 3812 725 3845 a
796 3798 895 3848 iuuant
911 3799 980 3853 11¹5
998 3797 1096 3849 lauant
1113 3811 1152 3861 pa
1169 3763 1309 3850 liuenti)
1376 3800 1391 3849 5

200 3866 363 3918 hominesD
432 3867 506 3917 flecti
524 3867 664 3930 ingenium
682 3877 717 3920 ις
785 3866 889 3916 isumi
907 3867 990 3918 etiam
1007 3867 1034 3915 K
1101 3869 1208 3919 9enim
1226 3883 1274 3918 om.
1292 3878 1328 3923 κς

202 3938 232 3984 11
251 3937 280 3984 in
297 3930 368 4000 vita]
390 3934 424 3984 ad
442 3936 529 3984 uitem
547 3935 589 3996 Dp
659 3948 766 3999 quoque
783 3934 860 3984 hisi)
931 3936 962 3984 12
982 3949 1054 3998 quae
1072 3950 1147 3997 emp
1219 3936 1251 3986 13
1269 3934 1389 3986 defuncti

202 4003 326 4054 Burtdias
343 4011 369 4052 et
388 4004 515 4053 Gesnerus
533 4002 656 4052 deuincti
673 4005 756 4064 Dpra
773 4002 911 4052 deuinctis
928 4005 955 4050 Π
1059 4005 1091 4054 17
1114 4008 1171 4053 tum
1190 4003 1389 4055 memineris!

285 4073 328 4121 sui
346 4086 466 4136 quosque
485 4071 596 4136 generis
615 4071 716 4120 Cortice
835 4070 944 4135 elegere
963 4069 991 4117 li
1099 4072 1130 4121 18
1149 4073 1230 4122 aiunt
1247 4073 1321 4122 enim
1338 4084 1387 4123 uon

201 4139 315 4189 multum
333 4138 477 4204 legendum
495 4154 556 4189 esse
575 4139 623 4190 sed
642 4138 728 4187 multa
746 4153 763 4186 a
850 4140 881 4189 19
899 4139 1097 4204 probatumque
1114 4140 1141 4188 K
1160 4144 1386 4205 prouocatumquc

200 4210 283 4270 Dpra
300 4207 546 4273 pervulgatumque
565 4206 595 4257 G.
614 4207 650 4256 H.
670 4206 826 4269 Scluaeferus
946 4209 979 4258 20
1002 4207 1149 4272 epistulam
1169 4207 1284 4259 extendi
1300 4208 1386 4261 11th

200 4275 318 4340 epistola
336 4290 397 4325 mea
414 4275 492 4325 tendi
509 4289 525 4336 p
544 4272 664 4340 epistola
681 4289 723 4323 me
742 4273 854 4324 extendi
872 4288 888 4322 a
973 4277 1006 4324 22
1030 4276 1146 4326 resumis
1163 4279 1230 4338 ⁰1²5
1246 4274 1384 4329 resummis

200 4359 213 4392 r
231 4358 352 4394 resumes
370 4344 397 4392 lt
415 4344 499 4393 sumis
517 4358 534 4390 a
604 4339 715 4404 aliquod
733 4344 754 4390 1)

267 4412 292 4460 Χ
310 4413 343 4461 28
360 4406 438 4477 hinc]
457 4411 521 4461 huic
539 4413 560 4459 1)
658 4409 721 4459 inde
740 4425 840 4474 magno
853 4412 896 4471 up
913 4411 976 4461 inde
995 4427 1013 4460 a
1030 4410 1123 4475 Magio
1140 4411 1287 4463 Omanucus
1356 4410 1383 4460 29

201 4493 300 4529 caesar
316 4481 407 4534 Ursa
424 4483 563 4529 coeterum
580 4481 602 4527 1>
621 4493 653 4527 ca
671 4481 784 4538 aetasp
869 4479 960 4542 inquit
982 4476 1091 4544 (inquid
1107 4478 1145 4544 lt)
1172 4494 1237 4544 pars
1262 4479 1297 4530 de
1315 4493 1382 4528 ruore

200 4547 289 4604 ursa
306 4547 398 4614 inquis
416 4562 466 4613 per
483 4547 570 4598 isdem
589 4561 638 4597 ora
654 4545 676 4596 D
694 4546 786 4611 inquis
804 4562 853 4612 pro
870 4546 969 4598 iisdem
981 4546 1077 4612 horep
1146 4553 1324 4612 quaereretur
1339 4559 1355 4609 ι)
