3024 5062
157 283 222 350 vin
650 297 859 345 1111111110.

155 460 284 532 amavit,
315 459 437 533 assequi
454 439 613 533 'possrrntt
654 451 777 536 copiam
806 454 912 516 autern
941 451 1058 516 codicis
1081 474 1100 515 a
1121 450 1271 534 Philippo
1293 450 1352 515 Bc-

155 554 279 637 roaldo,
313 576 407 638 quem
435 553 573 638 primum
601 553 707 617 Taciti
736 552 834 618 libros
866 575 883 617 e
912 553 1018 618 codice
1045 551 1188 617 Mediceo
1216 551 1352 616 edidisse

147 658 303 740 constat,
327 656 388 720 sibi
410 656 532 720 factam
548 676 616 719 esse
639 654 751 720 scribit
772 655 794 719 l.
812 677 839 719 o.
856 657 889 719 et
909 655 945 719 in
957 650 1188 720 ¹commentario
1209 655 1244 719 iu
1260 655 1352 738 epist.

155 759 231 842 V9,
253 758 284 823 5.
317 759 457 822 ceterum
479 757 513 821 in
535 756 576 821 iis
591 777 672 840 quac
694 756 733 820 de
748 756 871 821 Tacitei
893 756 1010 822 codicis
1033 756 1219 820 inventione
1233 756 1353 821 tradita

156 863 232 924 sunt
253 877 445 944 numquam,
469 857 692 943 quodecim,
721 857 818 922 Plinii
847 858 969 922 mentio
991 857 1079 922 facta
1102 860 1160 922 est.
1198 860 1272 941 post
1293 856 1353 923 Oa-

157 965 310 1027 tanaeum
341 959 482 1024 codicem
511 981 582 1024 cum
610 958 731 1023 Aldina
746 959 886 1024 editione
914 961 1052 1024 contulit
1078 958 1232 1023 Nicolaus
1254 957 1353 1023 Hein-

151 1062 238 1130 sius:
273 1060 315 1126 cf.
344 1061 521 1126 Burmann.
551 1061 665 1146 syllog.
696 1061 788 1144 epist.
813 1084 841 1127 v.
865 1061 915 1125 HI
942 1084 974 1145 p.
997 1062 1060 1127 538
1088 1060 1202 1125 Heius.
1225 1064 1294 1125 not.
1318 1061 1353 1124 in

79 1244 84 1254 ,
158 1163 265 1230 Valer.
295 1163 401 1228 llaec.
430 1185 462 1246 p.
486 1163 558 1228 316.
597 1162 690 1227 huius
723 1162 893 1227 collatione
921 1185 940 1226 a
967 1163 1063 1228 Petro
1086 1162 1274 1227 Burmanno
1301 1163 1353 1227 de-

158 1267 278 1352 scripta
300 1287 376 1330 usus
399 1269 448 1329 est
463 1264 600 1331 Oortins.
630 1264 699 1348 ipse
720 1263 837 1329 librum
860 1265 985 1329 excussi
1006 1264 1188 1343 Florentiae
1211 1265 1351 1329 11845.

156 1368 193 1433 in
220 1367 260 1432 iis
288 1367 326 1431 de
354 1367 469 1451 quibus
502 1369 634 1451 propter
661 1367 841 1431 dissensum
869 1365 970 1432 Oortii
998 1367 1158 1431 dubitatio
1188 1370 1258 1432 orta
1286 1368 1355 1431 erat

155 1469 283 1534 Marcus
306 1468 467 1534 Zuckerus
489 1467 700 1553 Erlangansis
729 1467 832 1546 denuo
854 1468 1001 1552 inspecto
1030 1469 1137 1533 codice
1166 1472 1222 1533 aut
1248 1490 1353 1533 meam

157 1572 328 1638 lectionem
352 1570 552 1662 confirmavit
574 1575 631 1634 aut
652 1591 791 1634 errorem
813 1570 961 1635 correxit.
1449 1557 1455 1567 ’

155 1684 160 1695 ⁸
240 1673 292 1738 Ad
321 1672 502 1738 Mediceum
531 1672 673 1738 codicem
699 1674 843 1756 proxime
874 1673 999 1738 accedit
1025 1671 1247 1737 Vaticanus
1269 1673 1355 1738 3864

155 1775 418 1841 membranaceus
447 1775 553 1839 forma
580 1775 738 1858 quadrata
766 1775 875 1839 eodem
908 1775 976 1839 fere
1008 1777 1153 1859 ternpore
1179 1775 1230 1840 vel
1259 1775 1354 1859 paulo

156 1875 351 1961 antiquiore,
373 1876 435 1942 hoc
457 1879 507 1941 est
527 1898 614 1941 nono
636 1876 687 1941 vel
710 1877 833 1941 decimo
848 1876 974 1941 saeculo
990 1877 1138 1960 scriptus.
1161 1898 1355 1962 quamquain

155 1978 288 2042 fuerunt
309 1979 362 2062 qui
386 2000 458 2043 euru
481 1981 594 2046 octavo
615 1978 666 2043 vel
689 1979 787 2042 etiam
815 1979 985 2043 undecimo
1013 1978 1141 2043 saeculo
1162 1979 1353 2043 tribuerent.

157 2080 302 2145 continet
333 2102 398 2144 una
430 2102 530 2145 manu
564 2081 684 2164 scripta
714 2079 811 2164 haec,
845 2080 870 2144 f.
897 2081 1000 2145 1-74
1027 2079 1175 2146 Caesaris
1203 2080 1242 2144 dc
1270 2081 1355 2145 bello

159 2181 284 2247 Gallico
316 2181 415 2246 libros
448 2186 520 2247 octo
552 2182 609 2266 (cf.
640 2181 731 2247 Caes.
761 2182 808 2247 ed.
837 2181 957 2267 Frigell
992 2204 1021 2247 v.
1045 2182 1077 2247 Π
1108 2183 1156 2269 1)1
1184 2181 1208 2247 f.
1238 2181 1355 2248 1115

156 2284 377 2369 fragmentum
413 2284 543 2349 Aethici
577 2284 637 2367 (cf.
670 2284 764 2348 Perta
798 2283 837 2348 de
871 2305 1025 2369 cosmogr.
1059 2282 1169 2348 Ethioi
1201 2305 1234 2367 p.
1270 2283 1354 2368 32):

156 2385 179 2449 f.
204 2385 351 2450 ‘lo-108
373 2384 472 2450 Plinii
488 2384 698 2471 epistularum
712 2384 811 2449 libros
826 2387 977 2470 quattuor
997 2384 1117 2468 primos
1140 2391 1171 2450 0.
1188 2389 1358 2450 PLINIUS
1468 2390 1470 2393 ’

156 2491 345 2552 SEPTICIO
367 2491 444 2553 SUO
466 2491 668 2553 SALUTEM
684 2523 726 2534 —
747 2492 778 2552 0.
808 2491 946 2551 PLINII
970 2491 1153 2552 UAEUILII
1178 2491 1359 2552 SEUUNUI

156 2593 453 2656 EPISTULARUM
479 2593 603 2654 EINIP
626 2593 757 2654 LIBER
778 2593 867 2653 IIII:
897 2589 920 2653 f.
946 2589 1114 2654 109-133
1137 2587 1281 2654 Sallustii
1305 2610 1356 2653 ex-

158 2694 266 2775 cerpta
289 2692 344 2778 (cf.
367 2692 485 2757 Iordan
507 2714 586 2756 mus.
609 2692 701 2757 rhen.
724 2692 842 2757 noviss.
865 2714 895 2756 v.
912 2690 1024 2756 XVIII
1049 2712 1078 2755 a.
1105 2690 1187 2756 1863
1209 2714 1241 2776 p.
1264 2690 1352 2777 585).

157 2792 218 2859 hoc
240 2793 323 2858 libro
346 2796 378 2858 ct
398 2794 435 2858 in
449 2793 565 2858 Plinio·
578 2798 611 2859 et
632 2795 668 2858 in
683 2793 836 2859 Sallustio
858 2794 980 2876 primus
995 2815 1071 2858 usus
1094 2796 1144 2858 est
1158 2792 1354 2878 Pomponius

156 2895 274 2959 Laetus
297 2917 326 2958 a.
353 2894 443 2959 1490.
481 2894 579 2959 Plinii
602 2895 755 2978 epistulas
777 2895 845 2978 ipsa
868 2895 1002 2959 excussi.
1041 2895 1097 2960 sed
1119 2917 1175 2960 eac
1196 2895 1232 2959 in
1248 2896 1356 2960 codice

157 2996 204 3060 ita
225 2996 365 3080 scriptae
381 2998 472 3074 sunt,
495 2997 532 3059 ut
545 2994 684 3079 reliquos
700 2995 909 3080 epistularum
923 2995 1022 3061 libros
1036 3018 1103 3062 non
1120 3019 1195 3062 casu
1209 2997 1354 3082 periisse

157 3096 213 3162 sed
235 3097 366 3161 omnino
388 3119 455 3162 non
478 3097 612 3181 scriptos
634 3096 733 3161 fuisso
754 3101 919 3182 appareat.
949 3119 1025 3163 nam
1048 3101 1123 3182 post
1136 3099 1234 3163 finem
1249 3101 1355 3183 quarti

156 3199 232 3263 libri
269 3198 305 3262 in
342 3198 421 3265 folio
445 3200 505 3264 108
511 3248 521 3283 ,
551 3199 634 3283 quod
663 3201 712 3263 est
743 3199 892 3265 ultimum
925 3200 1089 3285 quinionis
1117 3201 1247 3286 folium,
1281 3225 1356 3286 pars

159 3300 298 3386 paginae
326 3302 442 3385 prioris
472 3322 553 3386 quae
580 3304 746 3385 supererat
778 3304 811 3366 et
837 3301 994 3386 posterior
1026 3303 1149 3387 pagina
1178 3326 1196 3368 a
1224 3305 1356 3370 librario

157 3424 259 3467 vacua
280 3402 393 3468 relicta
416 3405 471 3467 ost.
487 3415 489 3419 ’
508 3403 668 3488 scriptura
689 3406 796 3468 autem
819 3425 891 3468 cum
912 3403 1055 3487 Mediceo
1086 3404 1193 3470 codice
1215 3409 1283 3470 tam
1306 3428 1355 3471 ac-

160 3506 269 3569 curate
292 3504 470 3588 consent‘t,
499 3508 536 3569 ut
557 3508 728 3589 utrumque
756 3504 873 3592 librum
896 3527 934 3570 ex
956 3528 1021 3571 uno
1044 3508 1218 3590 examplari
1241 3507 1355 3572 descri-

95 3625 98 3630 ·
158 3608 249 3690 ptum
272 3627 340 3671 csse
362 3604 458 3688 plane
487 3610 652 3691 appareat.
691 3606 775 3691 quod
803 3607 1012 3692 archetypum
1039 3612 1167 3692 praeter
1189 3608 1253 3673 alia
1275 3609 1356 3674 vitia

157 3707 321 3792 utriusque
337 3707 516 3794 apographi
532 3709 714 3773 communia
728 3709 832 3773 tribus
854 3709 934 3774 locis
963 3713 1070 3775 vetere
1098 3711 1356 3775 membranarum
1409 3763 1412 3771 ,

160 3808 287 3874 defectu
309 3809 440 3874 lacunas
461 3812 619 3893 traxerat,
643 3810 758 3893 quibus
780 3811 945 3894 perierunt
966 3810 1062 3894 haec,
1091 3833 1123 3894 p.
1146 3812 1198 3894 21,
1224 3812 1263 3876 16
1286 3834 1356 3878 uero
1420 3827 1424 3831 ’

160 3920 251 3977 totum
275 3949 310 3959 —
336 3934 366 3995 p.
390 3911 448 3996 25,
471 3911 514 3977 24
542 3919 744 3978 discissarum
767 3919 838 3991 ede,
861 3935 893 3996 p.
917 3911 1040 3996 6115
1067 3916 1131 3990 fuit
1158 3918 1229 3979 obiit
1251 3917 1357 3992 officia

161 4051 198 4060 —
223 4036 256 4098 p.
273 4013 325 4100 64,
351 4013 391 4078 12
411 4020 550 4094 pluribus
578 4020 702 4082 :redere
721 4025 825 4096 potes,
850 4037 881 4098 p.
898 4014 987 4098 72,2
1008 4026 1051 4080 est
1072 4018 1224 4101 aule—'p
1248 4017 1358 4101 75,15

159 4127 268 4181 remae
289 4122 358 4181 dixi
377 4123 546 4196 deleamur.
583 4120 616 4182 et
638 4117 892 4201 primoquidem
919 4116 989 4182 loco
1012 4117 1073 4182 duo
1095 4117 1188 4202 folia,
1218 4118 1357 4183 secundo

160 4240 276 4302 unum,
310 4219 406 4284 tertio
438 4219 555 4284 iterum
586 4219 648 4282 duo
680 4218 715 4282 in
755 4208 860 4282 vetere
892 4218 999 4283 codice
1030 4218 1163 4304 periisse
1196 4220 1354 4285 videntur.

160 4341 352 4405 quamquam
385 4321 425 4385 ad
453 4323 593 4386 veterem
627 4320 886 4385 membranarum
914 4342 1102 4406 compagem
1129 4322 1183 4386 ille
1211 4321 1354 4386 defectus

162 4421 257 4486 certis
278 4421 578 4487 ratiocinationibus
600 4421 713 4486 referri
745 4421 866 4506 nequit.
907 4425 1075 4506 praeterea
1097 4423 1132 4487 in
1154 4422 1248 4487 initio
1270 4423 1357 4488 illius

162 4524 328 4610 archetypi
359 4524 526 4609 inscriptio
555 4525 764 4610 epistularum
793 4523 917 4608 deerat,
949 4546 1012 4609 quo
1043 4525 1166 4590 factum
1196 4527 1245 4591 est
1266 4527 1304 4590 ut
1325 4527 1358 4589 et
