3024 5062
563 642 593 693 O.
611 641 756 693 PLINIUS
774 641 918 693 IUNIORI
936 640 1006 691 SUO
1026 641 1055 693 S.

187 763 200 822 l
300 758 440 822 Oneravi
462 760 494 821 te
517 761 568 821 tot
589 759 711 841 pariter
732 757 1091 840 missisvoluminibus3
1117 756 1172 820 sed
1194 756 1326 819 oneravi
1347 755 1412 847 pri-

214 882 315 942 mum,
344 860 419 944 quia
442 880 611 943 exegeras,
640 858 754 922 deinde
782 859 857 942 quia
885 859 1060 942 scripseras
1087 860 1155 922 tam
1177 856 1315 942 graciles
1338 848 1413 920 istic

213 961 390 1024 vindemias
413 982 496 1045 esse,
520 963 557 1024 ut
578 963 675 1044 plane
698 961 812 1024 scirem
833 960 894 1023 tibi
917 963 1113 1043 vacaturum,
1137 958 1221 1042 quod
1242 958 1340 1042 vulgo
1362 958 1437 1021 ‹li-⁵

183 1063 313 1145 2citur,
335 1062 452 1126 librum
475 1063 592 1146 legere.
627 1062 738 1125 eadem
761 1082 798 1125 ex
824 1061 903 1124 meis
926 1060 1040 1144 agellis
1061 1060 1266 1124 nuntiantur.
1309 1061 1412 1144 igitur

213 1162 290 1226 mihi
314 1185 438 1247 quoquc
461 1164 570 1228 licebit
592 1164 729 1227 scribere
752 1183 833 1246 quae
859 1162 964 1246 legas,
994 1161 1036 1225 sit
1057 1162 1151 1226 modo
1173 1161 1257 1225 unde
1280 1160 1411 1226 chartae

214 1266 275 1327 cmi
290 1265 431 1348 possint3
454 1266 577 1349 quaesi
601 1265 732 1328 scabrae
748 1264 915 1328 bibulacve
938 1264 1019 1345 sint,
1042 1266 1178 1328 autnon
1194 1252 1410 1344 scribendum,
1435 1267 1441 1275 ’

214 1372 269 1429 aut
282 1367 461 1430 necessario
476 1367 628 1450 quidquid
648 1366 867 1449 scripserimus
889 1366 965 1428 boni
978 1363 1093 1429 malive
1108 1364 1293 1429 delebimus.
1327 1365 1409 1430 vale.

765 1534 854 1600 XVI.
1424 1559 1450 1598 ro

553 1655 582 1707 C.
601 1656 748 1708 PLINIUS
762 1656 932 1707 PATERNO
952 1654 1022 1706 SUO
1042 1656 1069 1706 S.

186 1776 201 1837 1
298 1772 513 1837 Confecerunt
534 1794 584 1835 me
606 1772 810 1836 infirmitates
832 1794 991 1854 meorum,
1014 1775 1133 1834 mortes
1156 1770 1263 1853 etiam,
1288 1774 1321 1834 et
1343 1772 1412 1855 qui-

214 1875 284 1937 dem
307 1874 465 1937 iuvenum.
498 1874 617 1937 solacia
634 1873 695 1937 duo
712 1895 915 1958 nequaquam
930 1872 1022 1956 paria
1044 1873 1136 1935 tanto
1151 1871 1267 1955 dolori,
1290 1872 1412 1938 solacia

213 1980 337 2038 tamen:
366 1996 465 2037 unum
492 1974 633 2038 facilitas
659 1974 921 2057 manumittendi3
950 1974 1057 2037 videor
1079 1972 1167 2041 enim
1188 1995 1255 2037 non
1277 1975 1412 2038 omnino

213 2077 390 2139 inmaturus
419 2074 594 2158 perdidisse
622 2097 700 2158 quos
726 2076 791 2138 iam
819 2075 936 2139 liberos
963 2074 1104 2158 perdidi:
1138 2074 1290 2158 alterum,
1325 2075 1451 2158 quod1⁵

213 2177 364 2259 permitto
379 2176 478 2240 servis
500 2198 623 2260 qusque
638 2177 729 2259 quasi
753 2179 946 2241 testamenta
960 2176 1067 2239 facere
1090 2197 1189 2259 eaque
1204 2179 1241 2239 ut
1260 2176 1411 2261 legitima

183 2279 366 2345 2custodio.
400 2277 558 2341 mandant
572 2280 753 2362 rogantque
767 2277 851 2361 quod
873 2278 991 2360 visum3
1013 2299 1110 2361 pareo
1126 2280 1160 2340 ut
1182 2277 1307 2341 iussus:
1330 2277 1413 2342 divi·

214 2380 309 2462 dunt,
334 2379 471 2462 donant,
495 2378 698 2462 relinquunt,
728 2379 894 2442 dumtaxat
915 2379 1002 2443 intra
1025 2379 1169 2443 domum:
1203 2400 1280 2442 nam
1308 2379 1412 2443 servis

183 2490 264 2552 3res
285 2481 415 2565 publica
438 2480 593 2564 quaedam
616 2483 649 2543 et
670 2482 761 2564 quasi
785 2481 898 2546 civitas
913 2480 1023 2544 domus
1047 2483 1105 2545 est.
1138 2480 1193 2544 sed
1215 2502 1414 2565 quamquam

213 2583 262 2645 his
285 2582 412 2646 solaciis
436 2581 654 2666 adquiescam,
684 2581 833 2645 debilitor
860 2584 893 2646 et
921 2582 1056 2667 frangor
1078 2582 1189 2646 eadem
1216 2581 1274 2646 illa
1295 2580 1412 2646 huma-
1426 2600 1453 2639 2⁰

212 2684 329 2767 nitate,
358 2705 439 2767 quae
466 2704 517 2745 me
544 2685 581 2746 ut
602 2681 663 2746 boc
690 2683 795 2767 ipsum
823 2684 1042 2767 permitterem
1070 2683 1207 2747 induxit.
1240 2705 1308 2747 non
1337 2684 1413 2748 ideo

213 2788 321 2848 tamen
346 2784 438 2848 velim
461 2784 568 2847 durior
589 2784 668 2848 fieri.
702 2806 762 2848 nec
782 2786 896 2869 ignoro
912 2784 991 2848 alios
1013 2785 1080 2849 eius
1102 2785 1188 2848 modi
1211 2805 1302 2848 casus
1325 2785 1414 2849 nihil

213 2885 348 2969 amplius
376 2906 489 2949 vocare
517 2907 613 2968 quam
642 2885 793 2950 damnum
822 2908 920 2970 eoque
951 2886 1013 2949 sibi
1040 2907 1177 2970 magnos
1201 2885 1350 2950 homines
1380 2891 1414 2951 et

212 2989 373 3071 sapientes
395 2987 504 3050 videri.
539 2987 594 3070 qui
614 3009 656 3051 an
671 2988 783 3072 magni
798 2989 1022 3072 sapientesque
1037 2988 1105 3052 sint
1118 2989 1237 3071 neseio,
1259 2986 1414 3055 homines

182 3098 277 3159 4n0n
293 3092 377 3155 sunt.
405 3088 543 3152 homin-is
559 3091 608 3152 est
623 3090 709 3153 enim
724 3090 818 3153 adfici
833 3090 956 3173 dolore,
980 3090 1116 3173 sentire,
1132 3090 1281 3154 resistere
1295 3093 1415 3156 tamen
1429 3109 1456 3150 aa

182 3193 244 3262 5εὴ
266 3190 385 3255 solacia
408 3189 592 3274 admittere,
616 3213 681 3255 non
705 3191 831 3255 solaciis
846 3213 913 3255 non
931 3213 1034 3277 egere.
1068 3213 1179 3256 verum
1193 3192 1232 3256 de
1246 3190 1298 3256 his
1314 3192 1416 3276 plura

211 3292 348 3356 fortasse
375 3313 470 3376 quam
493 3292 602 3376 debui,
632 3293 688 3357 sed
708 3294 860 3381 pauciora
881 3315 976 3378 quam
997 3293 1092 3359 volui.
1127 3297 1176 3358 est
1203 3293 1291 3358 enim
1312 3316 1416 3379 quae·

212 3393 285 3457 dam
307 3394 404 3456 etiam
427 3393 554 3456 dolendi
570 3393 731 3478 voluptas,
754 3397 943 3479 praesertim
965 3396 1049 3460 siin
1070 3395 1165 3460 amici
1187 3394 1261 3460 slnu
1276 3395 1415 3482 defleas,

211 3495 296 3578 apud
318 3517 412 3579 quem
434 3494 575 3559 lacrimis
597 3495 662 3560 tuis
684 3495 734 3560 vel
756 3497 825 3560 laus
848 3497 891 3562 sit
911 3499 1025 3581 parata
1046 3497 1098 3561 vel
1117 3497 1222 3562 venia.
1258 3497 1345 3564 vale.

752 3665 858 3731 XVII.

551 3785 582 3836 o.
595 3786 742 3838 emulus
761 3787 927 3855 usoauvo
947 3787 1017 3839 suo
1036 3787 1063 3840 s.

155 3932 160 3939 ·
183 3914 198 3974 1
295 3901 380 3966 Num
402 3900 476 3964 istic
497 3923 620 3985 quoque
642 3903 756 3966 inmite
778 3906 811 3967 et
831 3903 994 3968 turbidum
1010 3902 1156 3968 caelum?
1177 3903 1231 3969 hic
1254 3905 1415 3972 adsiduae

209 4005 418 4086 tempestates
442 4004 474 4067 et
497 4003 608 4067 erebra
630 4003 760 4069 diluvia.
791 4004 914 4070 Tiberis
937 4006 1062 4071 alveum
1077 4005 1213 4071 excessit
1235 4010 1269 4071 et
1290 4008 1413 4076 demis·

277 4127 327 4177 XV
344 4131 360 4176 4
379 4126 530 4191 scripserat
548 4143 615 4181 corr.
635 4145 699 4178 -as
712 4130 739 4175 Ii
791 4130 806 4177 6
824 4131 992 4180 nunciantur
1009 4129 1036 4177 n
1104 4132 1120 4180 8
1139 4133 1210 4194 quae
1230 4157 1260 4166 —
1280 4132 1412 4182 seriben-

210 4195 271 4245 dum
290 4212 337 4245 om.
355 4198 391 4259 Η,
417 4197 477 4246 add.
495 4207 511 4242 a
528 4203 553 4244 ct
577 4195 692 4257 fortasse
718 4198 782 4246 bueo
803 4214 853 4247 non
875 4202 1027 4249 auctoritate
1051 4199 1162 4260 codicIs,
1189 4199 1238 4247 sed
1253 4201 1412 4250 coniectura

211 4264 321 4313 locandi
331 4271 438 4327 recepta
455 4271 525 4326 suni,
544 4271 571 4311 ct
580 4263 679 4313 Plinius
697 4266 729 4313 de
745 4268 915 4329 palimpsestis
927 4269 1024 4317 iocatus
1041 4268 1177 4330 scripserit
1188 4266 1226 4314 sit
1236 4265 1320 4317 modo
1333 4268 1410 4319 unde

211 4331 323 4380 chartae
342 4333 394 4380 emi
413 4332 533 4395 possint,
554 4335 602 4380 aut
619 4339 776 4383 necessario
796 4333 926 4398 quidquid
944 4333 1132 4398 scripserimus
1154 4335 1221 4384 boni
1239 4333 1344 4387 malive
1363 4335 1411 4386 de·

210 4398 332 4448 lcbimus.
402 4402 418 4448 9
436 4399 535 4448 maliue
553 4398 703 4449 deleuimus
722 4413 738 4448 a
761 4401 827 4449 mali
844 4403 997 4452 uidebimus
1014 4401 1041 4448 II

279 4471 342 4520 XVI
362 4471 393 4518 15
412 4466 494 4533 quod]
517 4481 576 4517 cum
595 4486 611 4519 a
679 4472 711 4536 Ι17
730 4484 812 4534 parco
831 4485 924 4534 ocyus.
944 4473 1000 4522 suis
1019 4468 1147 4521 diuidunt
1163 4485 1182 4519 a
1239 4471 1273 4520 24
1291 4471 1409 4536 sapien-

209 4539 251 4583 tes
271 4537 358 4587 videri
377 4539 424 4600 qui
443 4552 478 4585 an
496 4537 590 4600 magni
608 4555 654 4589 om.
673 4540 708 4603 II,
728 4540 782 4589 odd
797 4552 814 4585 a
883 4541 916 4590 25
934 4534 1039 4604 dolore]
1058 4540 1151 4590 dolere
1169 4539 1198 4586 II
