3024 5062
342 260 587 308 nersrunuauu
610 257 726 305 re-si.
744 245 874 328 [sa-aa]
900 253 934 320 (a.
951 253 1102 319 iri-na)
1255 243 1315 307 301

534 497 662 563 uxxx.
689 497 908 585 [cxxxium

559 620 743 671 TRAIANUS
766 621 893 671 PLINIO

209 736 474 821 interpretationi
500 739 591 820 tuae,
620 736 664 800 mi
688 735 832 801 Secunde
855 736 1016 800 carissime
1034 787 1041 800 .
1060 787 1067 801 .
1086 786 1092 799 .
1110 739 1145 800 ut
1170 737 1315 801 existimo

125 839 281 903 hactenus
304 839 408 902 edicto
430 838 494 902 divi
516 838 658 924 Augusti
679 841 831 902 novatam
855 859 922 902 esse
944 838 1048 923 legem
1064 837 1258 922 Pompeiam,
1280 843 1317 902 ut

99 941 351 1025 magistratum
373 940 499 1024 quidem
522 963 635 1025 capere
657 943 790 1025 possent
811 940 835 1003 ii
857 940 911 1024 qui
933 962 998 1005 nou
1020 940 1159 1005 minores
1183 941 1314 1005 duorum

125 1045 157 1107 et
178 1042 297 1128 viginti
319 1063 475 1106 annorum
499 1046 623 1126 essent,
647 1043 757 1127 etqui
781 1044 955 1126 cepissent,
987 1044 1021 1106 in
1044 1046 1191 1107 senatum
1214 1044 1315 1108 cuius·

123 1166 184 1230 que
207 1143 346 1209 civitatis
368 1143 581 1228 peruenirent.
613 1147 753 1209 ceterum
773 1166 840 1208 non
863 1148 957 1228 capto
978 1145 1170 1230 magistratu
1192 1146 1316 1230 eosqui

122 1246 263 1312 minores
278 1246 415 1332 triginta
439 1268 594 1310 annorum
609 1247 691 1330 sint,
715 1246 790 1330 quia
806 1246 1032 1330 magistratum
1050 1268 1165 1332 capere
1178 1247 1313 1331 possint,

122 1348 158 1413 in
180 1349 303 1414 curiam
325 1348 423 1413 etiam
443 1348 506 1413 loci
530 1349 679 1432 cuiusque
702 1369 768 1411 non
791 1347 938 1412 existimo
960 1348 1026 1433 legi
1048 1370 1150 1432 posse.

85 1549 110 1588 ω
302 1526 306 1535 ’
538 1517 682 1583 cxxxi.
709 1516 892 1604 [cxxxvi

402 1639 433 1694 C.
452 1640 601 1691 PLINIUS
620 1639 780 1692 TRAIANO
798 1640 1028 1713 IMPERATOltI

207 1756 287 1824 (lum
309 1756 427 1836 Prusae
450 1756 489 1821 ad
513 1756 700 1840 Olympum,
731 1757 872 1840 domine,
901 1756 1038 1840 publicis
1066 1757 1205 1841 negotiis
1227 1758 1341 1823 intral

120 1860 296 1944 hospitium
319 1858 428 1923 eodem
450 1858 501 1922 die
523 1858 665 1922 exiturus
687 1880 849 1941 vacarem,
874 1857 1081 1942 Asclepiades
1103 1859 1316 1943 magistratus·

120 1961 276 2026 indicarit
303 1959 497 2045 appellatum
526 1981 576 2023 me
605 1982 624 2023 a
652 1959 784 2024 Claudio
812 1959 980 2044 Eumolpo
1017 1983 1089 2025 cum
1117 1960 1312 2026 Cocceianus

83 2085 108 2126 15
121 2063 206 2128 Dion
236 2063 271 2127 in
293 2062 366 2127 bule
389 2062 554 2146 adsignari
579 2062 702 2126 civitati
724 2083 804 2145 opus
829 2065 917 2127 ouius
941 2085 1050 2126 curam
1072 2066 1184 2148 egerat
1205 2063 1310 2146 vellet,

119 2166 190 2230 turn
211 2163 388 2249 Eumolpus
411 2163 586 2228 adsistente
608 2163 905 2250 Flavio-Archippo
929 2165 1009 2228 dixit
1031 2165 1221 2249 exigendam
1244 2188 1312 2230 esse

120 2291 139 2332 a
153 2267 258 2332 Dione
273 2267 431 2331 rationem
446 2267 561 2349 operis,
578 2270 764 2351 antequam
786 2267 832 2330 rei
846 2266 995 2350 publicae
1017 2268 1205 2349 traderetur,
1228 2268 1311 2351 quod

119 2369 214 2434 aliter
234 2369 364 2433 fecisset
380 2390 425 2451 ,ac
440 2367 611 2431 debuisset.
643 2369 759 2432 adiecit
774 2369 870 2432 etiam
893 2390 962 2432 esse
984 2368 1018 2432 in
1041 2369 1152 2432 eodem
1173 2369 1341 2454 positam2

118 2474 207 2536 tuam
229 2473 370 2535 statuam
392 2472 579 2552 etcorpora
602 2470 813 2554 sepultorum,
837 2470 944 2534 uxoris
967 2469 1081 2534 Dionis
1103 2472 1136 2534 et
1157 2470 1232 2554 filii,
1255 2493 1310 2555 po-

80 2596 105 2637 so
119 2571 314 2656 stulavitque
335 2574 372 2635 ut
387 2593 612 2656 cognoscerem
627 2594 685 2655 pro
699 2571 865 2636 tribunali.
896 2573 980 2656 quod
1004 2595 1075 2636 cum
1091 2594 1151 2657 ego
1173 2594 1224 2636 me
1239 2577 1340 2656 pro-3

117 2675 205 2739 tinus
219 2674 379 2738 facturum
396 2673 630 2756 dilaturumque
644 2673 876 2757 profectionem
898 2674 1065 2756 dixissem,
1082 2677 1118 2737 ut
1132 2673 1310 2758 longiorem

117 2777 202 2841 diem
230 2775 270 2840 ad
297 2775 517 2840 instruendam
547 2796 675 2839 causam
703 2775 810 2838 darem
839 2779 936 2859 utque
960 2777 995 2838 in
1019 2776 1082 2839 alia
1106 2775 1236 2839 civitate
1260 2797 1310 2839 co-

92 2867 306 2965 gnoscerem
328 2877 431 2962 petiit.
463 2898 522 2962 ego
544 2899 594 2966 me
617 2877 799 2941 auditurum
821 2876 961 2942 Nicaeae
983 2877 1142 2961 respondi.
1174 2877 1229 2941 ubi
1243 2883 1340 2946 cum4

118 2979 332 3045 consedissem
372 2979 575 3064 cogniturus,
610 2980 694 3043 idem
722 2979 898 3063 Eumolpus
931 2983 1095 3065 tamquam
1125 2977 1175 3067 [si]
1206 2981 1310 3045 adhuc

81 3105 106 3146 25
118 3104 234 3168 pamm
255 3082 432 3145 instructus
460 3082 647 3146 dilationem
669 3085 778 3166 peiere
802 3082 922 3166 coepit:
957 3087 1068 3146 contra
1090 3082 1175 3146 Dion
1197 3086 1234 3147 ut
1256 3106 1310 3147 au-

117 3185 240 3250 diretur
255 3183 393 3268 exigere.
425 3183 602 3248 dictasunt
625 3184 783 3268 utrimque
797 3185 913 3267 multa,
938 3184 1035 3248 etiam
1058 3185 1095 3248 de
1112 3207 1218 3249 causa.
1249 3190 1340 3270 egat

72 3306 77 3325 ¹
118 3308 192 3352 cum
216 3285 355 3350 dandam
377 3283 563 3349 dilationem
587 3288 619 3350 et
634 3285 862 3350 consulendum
884 3298 913 3351 te
933 3287 1147 3350 existimarem
1162 3289 1197 3351 in
1219 3288 1309 3352 read

220 3526 323 3578 LXXX
349 3530 365 3579 3
391 3527 553 3579 charissime
579 3532 610 3578 ut
636 3528 803 3579 existimoA
828 3528 970 3579 carissima
997 3528 1069 3579 idem
1087 3530 1214 3581 existimo
1233 3532 1309 3583 Gola-

115 3611 197 3648 naeus
215 3611 233 3646 a
251 3596 395 3646 carissime
414 3596 543 3647 similiter
562 3597 688 3646 existimo
708 3596 815 3648 Orellius
939 3600 955 3648 5
972 3597 993 3646 ii
1011 3598 1058 3662 qui
1077 3612 1093 3646 a
1110 3598 1139 3649 hi
1157 3599 1203 3664 qui
1219 3601 1242 3648 A

114 3665 232 3782 duoruntr
243 3678 268 3781 ἔ,
284 3663 337 3715 duc
354 3665 377 3712 A
445 3666 461 3713 6
479 3664 525 3729 qui
544 3665 684 3729 cepissent
703 3665 848 3716 Beroaldus
865 3666 930 3730 quia
948 3667 1109 3730 coepissent
1126 3667 1149 3715 A
1166 3670 1213 3731 qui
1231 3683 1308 3719 acoe-

114 3747 214 3800 pissen

218 3834 336 3886 LXXXI
363 3835 404 3885 De
431 3835 520 3885 Dione
548 3837 596 3899 qui
621 3835 755 3898 reliquias
782 3850 892 3886 suorum
916 3835 1048 3902 religioso
1071 3837 1132 3887 loco
1150 3838 1309 3901 posuissent

112 3901 273 3970 (posuisset
290 3903 316 3964 a)
337 3903 454 3956 .LllIl.
474 3904 497 3952 A
567 3906 596 3954 14
616 3904 748 3968 Eumolpo
767 3917 783 3953 a
800 3904 944 3970 euamolpo
962 3906 985 3953 A
1048 3906 1222 3955 Cocceianus
1235 3905 1307 3956 Dion

112 3974 143 4023 iu
162 3971 228 4022 bule
247 3985 264 4019 a
283 3971 429 4021 cocoiamis
448 3971 606 4022 diambulae
624 3972 647 4019 A
675 3971 827 4021 Coccianus
844 3973 917 4023 Dion
935 3973 1017 4023 bulae
1035 3974 1181 4024 Beroaldus
1277 3977 1308 4023 16

111 4038 266 4104 Eumolpus
281 4039 438 4089 adsistente
462 4039 608 4090 Beroaldus
625 4054 642 4088 a
663 4039 833 4104 Euamolpus
856 4041 1007 4090 absistente
1025 4042 1048 4090 A
1070 4041 1221 4105 Eumolpus
1241 4042 1308 4093 assi-

111 4114 193 4159 stens
210 4106 355 4157 Calanaeus
453 4109 489 4158 ’18
507 4108 535 4157 in
555 4107 649 4156 aedem
667 4109 785 4171 positam
804 4108 826 4155 A
850 4109 877 4157 in
897 4109 963 4158 aede
981 4111 1096 4174 positam
1115 4110 1261 4159 Beroaldus
1280 4113 1308 4159 in

113 4175 212 4228 eodem
230 4190 314 4239 opere
333 4176 451 4240 positam
469 4190 486 4224 a
589 4177 620 4225 19
639 4174 754 4225 filiorum
781 4177 923 4226 Coronaeus
1008 4180 1040 4225 22
1064 4177 1099 4225 ad
1119 4178 1307 4227 instruendam

111 4244 264 4297 Beroaldus
282 4243 476 4294 adstruendam
494 4244 517 4291 A
536 4243 570 4292 ad
589 4243 781 4293 adstruendam
800 4259 817 4293 a
902 4245 930 4293 in
950 4245 1006 4294 alia
1028 4245 1144 4294 ciuitate
1165 4245 1309 4296 Coronaeus

112 4313 145 4363 in
163 4311 251 4362 aliam
270 4312 414 4362 ciuitatem
432 4312 455 4359 A
531 4313 564 4362 23
582 4311 662 4376 petiit
680 4326 697 4360 a
714 4314 785 4377 petit
802 4313 825 4360 A
891 4313 1032 4363 NiceaeA
1099 4313 1147 4362 ubi
1165 4329 1225 4362 oum
1245 4330 1308 4364 oon-

111 4380 249 4432 sedissem
274 4377 382 4430 Orellr'us
398 4380 447 4428 ubi
466 4394 527 4428 cum
545 4380 676 4429 sedissem
695 4393 712 4427 a
729 4380 778 4430 ubi
796 4380 982 4430 consedissem
999 4382 1022 4429 A
1134 4384 1168 4431 24
1185 4384 1209 4430 si
1227 4397 1309 4434 om.a

185 4449 219 4498 27
238 4450 267 4497 et
285 4447 480 4498 consulendum
500 4447 684 4497 existimarem
697 4449 720 4497 A
737 4452 763 4498 et
775 4453 802 4498 te
815 4447 1009 4499 consulendum
1028 4449 1214 4500 existimarem
1228 4452 1257 4501 G.
1272 4452 1307 4505 H.

112 4515 282 4581 Setocferus.
