3024 5062
549 312 552 317 ·
594 296 803 344 PRAEFATIO.
1161 290 1165 295 ’
1225 293 1301 342 XVII

102 456 225 520 Ioanne
254 453 507 518 Sohurenero
536 451 574 514 de
602 449 764 533 Bopardia
795 449 916 512 Romae
944 468 971 510 a.
1003 448 1138 535 1474r).
1176 449 1211 513 in
1240 450 1302 514 hac

103 557 243 640 primum
264 576 339 639 pars
362 553 466 618 octavi
487 551 576 633 libri,
601 554 655 635 qui
677 552 712 615 in
733 550 879 633 principe
902 549 1041 614 editione
1063 556 1197 616 omissus
1220 555 1299 629 erat,

104 657 192 723 edita
214 659 278 721 est:
301 677 376 719 nam
400 676 438 718 ea
461 674 541 737 quae
563 653 649 715 inter
671 651 824 735 epistulas
840 651 907 714 eius
922 651 997 714 libri
1013 651 1032 714 8
1038 654 1083 735 ‚3
1107 665 1196 732 utque
1210 661 1301 718 etiam

103 766 227 824 nauium
248 764 368 837 potiens
389 758 422 819 et
446 754 496 838 18,
523 757 559 817 ll
590 757 695 816 eodem
723 774 784 833 quc
806 763 921 817 emerat
946 753 1099 836 leguntur
1125 776 1191 817 non
1220 753 1302 818 indi-

106 863 178 924 cata
200 859 318 922 lacuna
339 857 457 920 omissa
479 857 563 918 sunt.
599 854 713 938 reliqui
735 854 810 918 libri
833 855 942 926 eodem
964 853 1092 934 ordine,
1121 876 1183 938 quo
1206 858 1302 919 antea

105 960 184 1025 editi
206 961 315 1042 erant,
345 957 510 1041 dispositi,
540 978 577 1020 ea
600 978 681 1040 quae
704 959 909 1020 accesserunt
936 977 995 1038 pro
1022 977 1109 1020 nono
1136 956 1218 1020 libro
1245 978 1303 1020 nu-

104 1065 230 1127 merata
252 1060 342 1125 etin
363 1060 428 1124 fine
452 1058 608 1122 collocata
630 1061 715 1121 sunt.
754 1057 902 1121 editionis
925 1058 1106 1121 rarissimae
1129 1079 1231 1140 pauca
1254 1080 1303 1120 su-

105 1184 233 1247 peresse
257 1156 581 1243 videntur'exempla.
620 1159 795 1248 dequibus
819 1180 891 1222 cum
914 1159 966 1221 diu
988 1159 1109 1222 frustra
1132 1159 1303 1242 quaesivis-

106 1286 191 1348 sem,
214 1262 345 1326 tandem
367 1283 466 1325 unum
489 1265 651 1344 repertum
674 1263 724 1324 est
745 1260 927 1324 Florentiae
950 1261 984 1323 in
1006 1260 1201 1324 bibliotheca
1223 1261 1303 1324 Lau·

106 1366 273 1448 rentiana,
305 1364 393 1428 ouius
417 1363 592 1446 scripturas
620 1363 655 1426 in
678 1384 784 1426 meum
812 1383 905 1424 usum
933 1362 1092 1443 excerpsit
1114 1360 1303 1445 liudolphus

108 1464 296 1529 Schoellius.
334 1468 446 1547 postea
470 1462 556 1527 aliud
573 1485 643 1527 cum
666 1464 750 1526 notis
766 1484 864 1525 manu
880 1462 1007 1545 scriptis
1029 1462 1198 1545 Pomponii
1213 1463 1304 1526 Laeti

106 1569 141 1631 in
152 1567 312 1631 Vaticana
322 1554 517 1629 bibliotheca
540 1567 649 1628 extare
671 1564 750 1626 mihi
771 1563 926 1627 indicavit
940 1564 1106 1646 Augustus
1125 1563 1304 1628 Wilmann-

108 1670 185 1733 sius.
221 1668 352 1732 tertium
376 1666 518 1731 eiusdem
541 1688 638 1749 opera
660 1668 738 1730 item
753 1665 875 1730 Romae
897 1666 931 1729 in
954 1665 1148 1728 bibliotheca
1163 1664 1304 1729 (lusana-

107 1769 193 1834 tensi
216 1768 270 1854 (G.
294 1768 344 1831 ΙΙΙ
365 1760 421 1855 40)
444 1758 610 1832 inientum
634 1771 693 1855 est.
732 1768 873 1847 codicem
896 1770 1001 1831 autem
1017 1767 1057 1831 ab
1080 1769 1119 1830 iis
1142 1767 1195 1850 qui
1218 1789 1304 1832 nunc

109 1873 223 1933 extant
254 1870 414 1934 diversum
447 1870 488 1933 ab
521 1870 642 1933 editore
669 1870 850 1933 adhibitum
879 1890 947 1933 esse
975 1890 1042 1933 non
1070 1868 1171 1932 solum
1199 1869 1304 1932 octavi

108 1970 184 2034 libri
218 1971 373 2052 epistulae
401 1973 471 2033 tum
498 1971 636 2053 primum
665 1971 769 2034 editae
802 1970 989 2052 ostendunt,
1024 1970 1076 2033 sed
1106 1971 1141 2033 in
1173 1969 1304 2053 reliquis

108 2071 207 2135 etiam
228 2071 319 2134 libris
340 2071 478 2134 maxime
500 2074 574 2154 post
588 2072 691 2155 quinti
714 2071 789 2135 libri
805 2071 975 2154 epistulam
990 2073 1113 2134 sextam
1127 2071 1305 2154 scripturae

108 2172 190 2235 satis
211 2171 346 2254 multae,
369 2193 451 2255 quae
474 2195 544 2239 oum
567 2173 602 2235 in
617 2173 803 2256 vulgaribus
828 2173 988 2236 codicibus
1004 2193 1070 2235 non
1085 2172 1302 2255 inveniantur,

108 2274 165 2336 sed
187 2275 298 2356 postea
320 2272 596 2367 Mediceiwcodicis
619 2275 810 2338 auctoritate
826 2275 1034 2339 confirmatae
1056 2274 1138 2357 sint,
1163 2295 1228 2338 non
1250 2295 1305 2357 po-

107 2377 242 2437 tuerrmt
262 2373 325 2437 nisi
348 2396 385 2437 ex
407 2373 489 2438 libro
511 2375 759 2459 manuscripto,
784 2377 837 2459 qui
858 2375 907 2438 illi
930 2372 1042 2438 similis
1064 2377 1142 2457 erat,
1165 2375 1304 2461 peti**):

108 2565 314 2573 —-.-————.

179 2678 204 2747 *)
223 2681 358 2743 Quoniam
379 2698 501 2747 eaquae
521 2681 553 2732 de
573 2680 739 2732 Schureneri
759 2684 877 2733 editione
901 2684 930 2731 in
952 2682 1030 2732 libris
1053 2682 1305 2746 bibliographorum

110 2750 208 2800 referri
234 2750 325 2800 solent
366 2754 534 2800 auctoritate
570 2751 696 2799 nituntur
730 2751 899 2801 Audifiredii
926 2750 1045 2814 catalog.
1082 2750 1305 2800 historico-crit.

109 2819 227 2870 Roman.
248 2817 312 2867 edit.
334 2833 405 2870 saec.
424 2819 473 2869 XV
493 2835 518 2884 p.
541 2820 601 2880 164,
621 2819 679 2868 eius
699 2820 784 2868 verba
803 2819 970 2876 adscribam,
990 2817 1063 2866 ‘Caii
1082 2817 1167 2866 Plinii
1185 2818 1306 2867 Secundi

111 2885 292 2951 epistolarum
305 2885 369 2934 libri
381 2887 430 2936 IX.
440 2889 465 2935 iu
476 2890 543 2948 fine:
562 2885 630 2936 Osi.
645 2886 729 2936 Plinii
742 2887 862 2936 Secundi
874 2887 990 2950 Nepotis
1005 2890 1008 2944 t
1024 2886 1210 2950 Epistolarum
1223 2887 1307 2936 Liber

111 2953 349 3018 explicitiFinis.
380 2955 454 3004 Laus
473 2956 541 3006 Deo.
562 2954 915 3016 1.4.7.1111018edente
939 2955 1036 3018 Xysto.
1060 2969 1122 3018 pon.
1141 2970 1211 3003 max.
1227 2953 1231 3015 Ι
1248 2957 1307 3004 eius

110 3037 185 3070 anno
204 3020 312 3070 Tertio:
331 3020 374 3069 Kl.
391 3017 396 3086 Ι
412 3022 508 3072 Iuniis.
539 3021 641 3070 ROME
653 3022 705 3071 :IN
720 3022 893 3072 HOSPIPIO
911 3020 914 3087 Ι
931 3021 1080 3072 SANCTIS
1094 3023 1143 3070 DE
1158 3022 1306 3072 PIRETO:

109 3090 136 3138 if
142 3106 148 3155 ς
165 3088 170 3152 Ι
187 3089 401 3151 Quinterniones
419 3090 510 3140 XIIII.
530 3089 603 3140 Cart.
623 3091 655 3141 V.
675 3090 776 3154 Papal:
793 3089 796 3154 Ι
814 3089 850 3153 (in
868 3086 907 3154 4⁰)
934 3090 1057 3151 Quatnor
1078 3089 1160 3139 huius
1179 3089 1307 3140 editionis

112 3156 240 3219 exempla
259 3155 293 3204 ad
311 3156 383 3205 hano
402 3157 472 3206 diem
490 3157 560 3207 vidi:
588 3157 703 3221 pslmum
726 3160 754 3206 in
778 3158 956 3207 Bibliotheca
974 3157 1122 3222 Angelius,
1143 3157 1259 3206 alterum
1278 3159 1307 3206 in

110 3222 290 3273 Bibliotheca
308 3224 508 3286 casanatensi,
528 3227 639 3273 tertium
659 3225 777 3275 Viterbii
802 3227 830 3273 in
850 3224 1025 3274 Bibliotheca
1045 3226 1071 3275 S.
1090 3227 1127 3277 M.
1147 3225 1180 3273 ad
1200 3224 1307 3274 Gradus

111 3291 178 3342 Ord.
197 3291 439 3356 Praedicatorum,
467 3299 593 3355 quartum
613 3294 768 3357 nuperrime
789 3293 816 3341 in
835 3293 1009 3342 Bibliotheca
1028 3294 1137 3357 privata
1157 3292 1203 3341 SS.
1221 3294 1255 3342 D.
1274 3294 1306 3342 N.

111 3361 147 3410 D.
169 3358 218 3408 PII
236 3359 290 3407 PP.
308 3359 357 3409 VI.
376 3359 560 3424 Subscriptio,
585 3375 654 3424 quae
675 3367 717 3409 est
739 3361 774 3408 ad
793 3361 896 3409 calcem
916 3361 997 3408 trium
1016 3362 1197 3426 posteriorum
1217 3376 1308 3410 exem·

113 3427 233 3490 plorum,
253 3441 341 3489 neque
360 3443 474 3490 annum,
493 3444 582 3492 neque
601 3429 689 3476 locum
709 3429 839 3477 editionis
858 3428 992 3482 ostendit,
1013 3433 1041 3476 et
1058 3429 1220 3476 terminatur
1238 3443 1307 3477 voce

112 3494 199 3546 ΠΕΟ.
230 3493 263 3542 In
290 3496 415 3558 exemplo
442 3501 533 3544 autern
556 3494 744 3546 Bibliothecae
762 3496 913 3560 Angelicae
936 3496 1128 3560 antiquissima
1151 3511 1246 3552 manu,
1271 3500 1306 3554 et,

112 3563 156 3610 uti
176 3577 208 3610 ex
227 3563 315 3611 forma
335 3563 502 3611 characteris
521 3569 651 3628 apparet,
669 3564 741 3613 libro
760 3564 814 3628 ipsi
827 3580 946 3622 coaeva,
966 3564 1091 3613 adiectae
1110 3569 1174 3612 sunt
1187 3563 1307 3626 quinque

112 3634 269 3694 postremae
296 3629 388 3679 lineae
409 3631 512 3681 allatae
532 3632 754 3696 subscriptionis,
775 3636 803 3680 et
820 3633 940 3682 fortasse
959 3631 1043 3680 etiam
1062 3636 1129 3681 nota
1149 3632 1308 3690 anni1474;

114 3697 169 3746 etsi
188 3697 256 3746 haec
275 3695 422 3761 diligenter
441 3699 615 3748 considerata
633 3700 708 3764 typis
726 3699 818 3763 potius
837 3715 918 3764 quarn
931 3700 1039 3749 calamo
1058 3698 1154 3748 efficta
1171 3698 1309 3747 videatur.

112 3765 260 3828 Utcunque
279 3770 371 3815 tamen
390 3767 439 3830 sit,
459 3782 492 3815 ex
511 3767 564 3816 hac
584 3767 763 3816 annotatione
783 3767 884 3830 liquet,
905 3783 976 3816 anno
991 3770 1057 3816 1474
1070 3767 1168 3816 librum
1187 3766 1242 3815 iam
1263 3782 1309 3815 ex-

115 3833 234 3890 stitisse,
253 3837 280 3880 et
298 3833 400 3882 Romae
420 3835 506 3883 fuisse
526 3850 653 3884 excusum
673 3836 700 3883 in
719 3835 797 3883 domo
821 3835 924 3884 Sanctis
941 3838 973 3884 de
994 3836 1088 3886 Pireto.
1120 3835 1143 3882 Α
1162 3849 1215 3897 quo
1233 3849 1308 3894 vero,

114 3915 207 3964 rogas,
219 3900 408 3966 typographo?
426 3902 623 3953 verisimillime
643 3919 659 3950 a
672 3904 710 3951 lo.
725 3901 895 3952 Schnrenero
907 3902 939 3951 de
953 3903 1103 3966 Bopardia‚
1123 3904 1168 3966 qui
1181 3903 1311 3965 sequenti

116 3983 188 4016 anno
217 3970 355 4031 impressit
378 3969 518 4034 Epistulas
535 3971 648 4019 Aeneae
671 3970 749 4018 Silvii
777 3971 805 4018 in
824 3969 1008 4019 Cardinaiatu
1035 3973 1166 4034 scriptas,
1195 3983 1308 4033 quarum

115 4037 259 4085 character
281 4036 320 4085 nil
343 4035 432 4086 differt
456 4053 472 4085 a
500 4038 660 4086 charactere
683 4037 779 4086 harum
801 4037 996 4102 Epistolarum.
1032 4038 1124 4087 Editio
1148 4037 1307 4100 signaturis,

114 4104 247 4166 numeris,
271 4104 444 4169 custodibuS,
471 4111 498 4154 et
524 4107 641 4170 registro
670 4111 759 4155 caret:
789 4106 953 4170 paginarum
981 4106 1071 4155 lineae
1100 4111 1164 4155 sunt
1181 4107 1228 4166 29,
1256 4104 1308 4153 loci

116 4172 217 4221 Graeci
236 4172 328 4220 omissi
341 4188 443 4222 omnes.
479 4173 587 4222 Titulus
606 4174 660 4235 ipsi
678 4175 852 4238 praepositus
871 4173 911 4221 sic
929 4173 1029 4223 habet:
1049 4173 1079 4223 Ο.
1094 4173 1179 4222 Plinii
1198 4173 1309 4221 secundi

114 4240 283 4290 Veronensis
301 4240 428 4290 Oratoris
452 4241 597 4290 clarissimi
613 4239 616 4304 Ι
633 4246 660 4291 et
684 4241 844 4290 Consularis
868 4241 1063 4305 Epistularum.
1101 4241 1185 4289 Liber
1207 4241 1309 4305 primus

114 4309 162 4358 soe
178 4305 182 4372 Ι
199 4306 288 4357 liciter
305 4308 425 4374 incipit'.

184 4407 223 4474 **)
243 4409 283 4458 Ne
307 4411 367 4472 quis
389 4410 478 4474 ipsum
501 4410 653 4461 Mediceum
677 4412 799 4461 codicem
820 4411 847 4459 in
871 4412 995 4460 Romana
1016 4407 1133 4457 editione
1157 4409 1309 4459 adhibitum

114 4492 178 4527 esse
199 4476 311 4540 credat,
335 4478 448 4541 primum
472 4478 573 4529 lacuna
596 4481 689 4530 octavi
707 4481 772 4529 libri
791 4480 897 4541 obstat,
922 4478 999 4526 cuius
1022 4476 1100 4526 nulla
1118 4477 1189 4527 ratio
1208 4478 1234 4525 in
1254 4478 1308 4526 Me-

113 4547 197 4595 diceo
216 4544 287 4594 libro
306 4550 359 4606 est;
379 4545 474 4595 deinde
494 4547 564 4609 quod
583 4563 673 4612 pauca
693 4550 776 4596 etiam
795 4549 898 4596 rectius
917 4547 944 4594 in
965 4545 1040 4594 edito
1059 4545 1210 4610 exemplari
1229 4560 1309 4609 quam

166 4627 236 4669 Pnurr
248 4632 318 4666 rerer.
332 4637 368 4668 nn.
382 4626 449 4667 Ram.
1088 4631 1105 4680 b
