3024 5062
344 276 587 332 srrsnunuaurr
602 285 635 330 v.
659 281 683 328 u.
700 269 761 343 (21.)
779 280 820 330 10.
837 276 902 343 (11.)
926 277 964 342 (a.⁴
978 279 1034 327 ros.
1052 276 1110 342 roo)
1184 344 1189 351 ὴ
1266 268 1326 332 135

134 446 344 523 proposuerat
364 437 459 501 breve
482 436 637 502 edictum:
667 435 859 501 admonebat
885 440 1103 519 accusatores,
1133 436 1326 501 admonebat

132 562 202 605 reos
225 541 450 605 exsecuturum
471 561 505 604 se
528 560 609 624 quae
632 542 763 603 senatus
786 538 930 603 consulto
947 538 1199 603 continerentur.
1234 539 1356 604 subo-4

131 644 182 706 rat
204 641 309 707 edicto
331 643 461 705 senatus
485 640 679 705 consultum:
716 640 777 704 hoc
799 662 925 723 omnes,
953 640 1104 724 quiquid
1126 640 1249 724 negotii
1269 639 1326 704 ha·

131 742 264 827 berent,
293 742 399 807 iurare
425 742 515 827 prius
542 764 638 827 quam
661 744 797 827 agerent
817 741 1013 806 iubebantur
1040 741 1121 805 nihil
1151 763 1184 806 se
1207 743 1247 806 ob
1270 742 1324 820 ad-

105 832 331 910 svocatione'm
354 844 501 928 cuiquam
523 844 647 908 dedisse
668 843 852 927 promisisse
869 842 1001 907 cavisse.
1038 842 1089 906 his
1111 843 1197 936 enim
1219 844 1324 908 verbis

131 967 169 1010 ac
196 945 284 1010 mille
312 948 479 1030 praeterea
512 950 546 1009 et
572 945 680 1010 venire
709 945 934 1009 advocationes
964 947 997 1008 et
1029 945 1091 1008 emi
1120 945 1322 1009 vetabantur.

129 1047 270 1131 peractis
291 1051 402 1131 tamen
424 1047 564 1132 negotiis
579 1047 826 1131 permittebatur
840 1047 1010 1131 pecuniam
1026 1047 1193 1111 dumtaxat
1215 1046 1324 1111 decem

130 1148 254 1213 milium
277 1149 362 1213 dare.
407 1148 468 1215 hoc
490 1149 578 1214 facto
600 1149 735 1233 Nepotis
759 1153 933 1214 commotus
955 1152 1084 1233 praetor
1106 1149 1161 1233 qui
1183 1152 1353 1216 centum-5
1445 1178 1454 1190 ⁸

129 1249 281 1315 vinalibus
295 1251 467 1335 praesidet,
491 1251 722 1316 deliberaturus
745 1273 789 1315 an
803 1253 988 1335 sequeretur
1004 1250 1198 1334 exemplum,
1221 1251 1323 1334 inopi·

93 1354 242 1417 sonatum
263 1351 357 1417 nobis
380 1354 480 1417 otium
503 1354 600 1418 dedit.
637 1353 767 1418 interim
781 1356 851 1416 tota
875 1353 1004 1417 civitate
1020 1352 1154 1436 Nepotis
1178 1353 1347 1420 edictumb

130 1446 272 1538 carpitur
292 1453 451 1518 laudatur.
495 1455 590 1519 multi
613 1455 805 1519 ‘invenimus
828 1455 883 1539 qui
906 1477 1002 1519 curva
1018 1444 1201 1539 corrigeret.
1226 1455 1323 1538 quid?

129 1560 204 1621 ante
226 1556 312 1620 hunc
332 1559 497 1640 praetores
519 1579 584 1621 non
600 1556 755 1621 fuerunt?
777 1557 847 1641 quis
864 1559 971 1620 autem
985 1553 1040 1620 hic
1059 1560 1125 1640 est,
1149 1557 1202 1639 qui
1218 1578 1323 1620 emen-

129 1658 183 1722 det
204 1657 350 1742 publicos
372 1657 513 1721 mores‘?'
552 1658 607 1723 alii
630 1663 743 1723 contra
766 1658 955 1722 ‘rectissime
976 1657 1070 1723 fecit:
1094 1657 1232 1722 initurus
1255 1680 1322 1721 ma-

128 1760 303 1844 gistratum
329 1759 400 1823 iura
428 1760 594 1844 cognovit,
626 1750 755 1824 senatus
784 1760 930 1824 consulta
957 1760 1055 1845 legit,
1084 1760 1231 1846 reprimit
1257 1761 1322 1824 foe·
1382 1754 1387 1763 ’

90 1861 274 1926 mitissimas
306 1861 487 1946 pactiones,
527 1882 594 1925 rem
627 1861 876 1946 pulcherrimam
908 1861 1092 1946 turpissime
1120 1862 1228 1926 venire
1255 1884 1321 1925 non

127 1964 272 2048 patitur.’
316 1962 398 2027 tales
420 1963 538 2047 ubique
550 1949 738 2047 sermones,
769 1962 823 2048 qui
851 1966 961 2028 tamen
983 1965 1171 2042 alterutram
1193 1963 1228 2027 in
1250 1969 1350 2048 par-7

126 2067 191 2130 tem
214 2086 253 2129 cx
276 2068 392 2130 eventu
414 2064 654 2149 praevalebunt.
700 2068 749 2130 est
771 2066 902 2130 omnino
923 2066 1085 2150 iniquum,
1116 2066 1170 2130 sed
1193 2088 1252 2129 usu
1274 2087 1321 2130 rc·

128 2169 270 2252 ceptum,
294 2166 377 2251 quod
399 2166 536 2231 honesta
559 2167 692 2232 consilia
715 2167 763 2231 vel
793 2168 915 2251 turpia,
945 2170 1042 2251 prout
1067 2167 1150 2245 male
1173 2169 1229 2231 aut
1250 2189 1322 2250 pro-

127 2290 218 2354 spera
240 2268 375 2351 cedunt,
405 2268 452 2333 ita
474 2268 524 2333 vel
546 2268 727 2353 probantur
754 2269 804 2333 vel
826 2270 1113 2354 reprehenduntur.
1158 2269 1233 2334 inde
1254 2269 1320 2354 ple·

86 2393 113 2432 ao
127 2355 259 2454 rumque
291 2369 402 2435 cadem
434 2369 524 2434 facta
557 2371 650 2436 modo
678 2371 865 2456 diligentiae
897 2371 992 2435 modo
1025 2370 1192 2455 vanitatis,
1226 2371 1320 2435 modo

127 2471 286 2537 libertatis
308 2472 403 2537 modo
425 2472 543 2537 furoris
563 2494 683 2537 nornen
705 2473 877 2557 accipiunt.
923 2473 1003 2538 vale.

645 2641 685 2707 X.
728 2641 784 2706 XI.

327 2761 357 2816 c.
372 2747 518 2816 rnriuus
537 2639 727 2815 suaronrd
740 2641 978 2827 rainournno
993 2764 1064 2817 suo
1085 2763 1114 2815 s,

208 2879 325 2944 Libera
339 2879 471 2944 tandem
485 2879 824 2964 hendecasyllaborum
841 2902 984 2945 meorum
1000 2881 1105 2964 fidem,
1129 2881 1184 2965 qui
1198 2881 1342 2965 scriptal

83 3004 112 3044 as
125 2985 181 3046 tua
209 2981 429 3047 communibus
464 2982 575 3046 amicis
608 2982 860 3066 spoponderunt.
905 2982 1110 3067 appellantur
1143 2983 1257 3047 cotidie
1285 2986 1318 3048 et

124 3083 331 3169 flagitantur,
360 3104 398 3148 ao
420 3082 486 3152 iam
506 3083 685 3169 periculum
707 3087 756 3148 cst
783 3105 824 3148 ne
853 3088 1012 3169 cogantur
1040 3084 1080 3148 ad
1103 3084 1317 3150 exhibendum

125 3291 326 3300 .....——

192 3427 457 3490 lpraeposneratp
544 3391 767 3476 2ersecutbrum
785 3426 813 3472 Π
898 3432 1011 3477 senatus
1030 3429 1154 3480 consulto
1173 3455 1204 3464 —-
1223 3429 1316 3481 edicto

87 3503 94 3509 ·
124 3494 212 3553 (im-,ll
263 3496 279 3544 3
299 3492 389 3544 edicto
405 3491 409 3559 Ι
425 3498 555 3543 senatuus
573 3493 726 3544 consultum
746 3529 790 3546 ...
806 3492 810 3557 Ι
826 3493 929 3545 tionem
949 3496 1076 3560 cuiquam
1095 3499 1169 3546 iriam
1184 3498 1243 3558 fere
1261 3514 1316 3548 oer-

123 3577 191 3611 euum
208 3562 293 3626 spatio
309 3568 370 3626 port
387 3565 519 3612 senatuus
539 3561 693 3612 consultum
710 3564 800 3613 relicto
817 3564 844 3610 H
873 3573 874 3576 ’
913 3565 961 3627 qui
979 3563 1044 3628 quid
1057 3565 1163 3630 negotii
1181 3565 1316 3615 haberent

124 3645 141 3679 a
158 3629 280 3694 quiaquia
297 3630 439 3695 negotium
457 3630 571 3680 haberet
589 3631 650 3692 Dpr
762 3633 912 3696 tegerent
929 3644 945 3680 a
963 3647 1045 3697 agore
1062 3633 1124 3694 Dpr
1233 3632 1315 3682 tad-

122 3694 298 3765 vooationcs]
326 3698 520 3748 aduocationis
537 3696 620 3761 Dpr*
753 3696 789 3763 et]
810 3702 853 3749 set
870 3700 898 3746 Ι
1012 3697 1075 3766 emi]
1109 3701 1212 3749 enimr

123 3765 293 3817 notabantur
309 3767 405 3829 rrnpa
423 3765 571 3816 notabatur
587 3780 601 3814 r
619 3766 768 3816 uetabatur
785 3778 802 3822 ς
882 3770 897 3818 7
915 3769 1087 3833 peractis-
1105 3769 1316 3834 permittebatur

123 3850 172 3885 om.
191 3834 234 3895 Dp
302 3832 515 3900 permittebatur
531 3836 578 3883 Ir
595 3835 823 3901 permittebantur
840 3848 857 3884 a
877 3836 1056 3900 permittebat
1074 3849 1091 3891 ς
1170 3838 1185 3885 8
1204 3837 1250 3901 qui
1267 3852 1314 3888 om.

122 3918 136 3951 r
211 3901 485 3967 apraesidetnpra
502 3903 726 3967 praesidebat!
813 3905 842 3953 11
862 3901 938 3970 quid]
961 3905 1031 3970 quod
1048 3907 1075 3953 ti
1145 3907 1177 3954 14
1193 3905 1255 3954 iura
1273 3921 1315 3954 re-

125 3971 258 4036 cognouit
276 3972 421 4023 Coronaeus
501 3971 676 4021 foedissimas
694 3972 742 4020 rra
759 3971 921 4022 nouissimos
939 3975 1001 4033 npr
1087 3973 1117 4022 17
1136 3972 1258 4038 iniquum
1277 3984 1315 4028 §a

122 4053 244 4157 iniqudm
261 4092 289 4138 Π
305 4091 429 4154 iniquom
445 4089 613 4139 rinimicum
630 4093 673 4153 Dp
761 4091 792 4141 18
812 4088 867 4155 aut]
888 4090 958 4140 adli
1046 4093 1076 4143 19
1096 4092 1136 4142 ita
1153 4106 1235 4155 om.p

123 4211 273 4278 probantur
289 4212 339 4260 ile
357 4209 510 4276 procedunt
526 4211 587 4271 lipr
654 4173 887 4272 reprehendimur
904 4212 932 4258 Π
999 4213 1032 4261 20
1050 4209 1128 4261 modo
1147 4211 1313 4276 diligentiae

123 4279 202 4331 modo
219 4279 356 4330 uanitatie
373 4293 420 4332 om.
438 4280 499 4339 lipr
945 4306 949 4313 .

190 4414 216 4465 x
233 4414 267 4466 aa
285 4397 447 4466 sunroru
466 4413 534 4466 suo
552 4413 587 4475 n,
606 4411 843 4478 raauournno
863 4413 932 4467 suo
951 4417 1046 4477 nara:
1074 4417 1207 4480 ‘inceptam
1226 4432 1314 4467 noma

122 4483 284 4535 Suetonium
301 4483 491 4549 Tranquillum
510 4481 614 4533 eatidet
629 4483 656 4532 tn
672 4484 756 4535 indice
773 4485 970 4535 Riecardr'anue’
1056 4485 1089 4534 25
1108 4489 1136 4533 et
1153 4484 1314 4550 flagitantur

121 4555 204 4616 lipra
222 4551 413 4619 efflagitantur
429 4553 456 4601 Π
475 4556 503 4602 et
521 4549 710 4616 efflagitantur
727 4566 744 4608 ς
776 4567 779 4572 ·
