3024 5062
509 241 751 289 rauaararcus
776 240 815 287 12.
840 239 879 288 13.
904 237 943 287 14.
1259 227 1322 292 329

130 393 230 458 clausi
251 394 461 478 tenebantur,
482 396 593 459 nostra
615 395 746 480 agmina
767 416 955 479 percursare
980 397 1067 479 ripas
1089 399 1123 461 et
1144 396 1249 462 aliena
1271 418 1322 461 oc·

129 495 272 578 cesione,
295 494 322 560 si
344 496 563 581 permitteres,
593 497 641 562 uti
662 496 809 582 ultroque
832 496 969 562 hiemem
997 519 1087 562 suam
1108 499 1252 563 barbaris
1272 500 1321 563 in-

128 597 214 686 ferre
237 598 433 682 gaudebant.

213 697 304 764 Haec
325 700 386 764 tibi
408 701 493 783 apud
514 699 624 765 hostes
650 700 823 765 veneratio
858 701 957 785 quid?
979 702 1064 787 apud
1085 702 1204 767 milites
1219 725 1321 787 ,quam
1333 703 1372 766 13

103 800 375 866 sadmirationem
389 824 484 887 quem
506 803 546 866 ad
567 803 695 866 modum
714 803 931 887 comparasti?
954 825 1026 868 cum
1040 809 1147 869 tecum
1168 803 1320 887 inediam,

128 906 236 967 tecum
256 901 380 968 ferrent
401 903 503 986 sitim,
533 925 605 968 cum
633 905 668 968 in
696 903 752 968 illa
778 905 987 971 meditatione
1010 905 1182 990 campestri
1203 906 1321 970 milita·

129 1005 217 1070 ribus
239 1005 352 1070 turmis
374 1004 615 1089 imperatorium
632 1004 795 1089 pulverem
817 1007 1026 1092 sudoremque
1048 1007 1214 1090 misceres,
1238 1006 1321 1071 nihil

130 1128 149 1170 a
171 1106 284 1171 ceteris
305 1107 369 1171 nisi
397 1107 511 1172 robore
533 1129 571 1172 ac
593 1108 932 1191 praestantiaalibero
954 1094 1059 1174 Marte
1081 1130 1168 1173 nunc
1197 1109 1320 1174 eminus

128 1207 195 1273 tela
216 1207 368 1293 vibrares,
389 1230 477 1273 nune
498 1208 625 1273 vibrata
639 1209 832 1293 suscipereS,
861 1209 968 1275 alacer
988 1211 1107 1274 virtute
1128 1210 1267 1274 militum
1290 1214 1321 1275 et

90 1310 246 1392 relatiua,
274 1310 423 1394 quotiens
451 1315 506 1375 aut
534 1310 649 1375 eassidi
671 1313 745 1375 tuae
768 1313 823 1376 aut
846 1310 947 1395 clipeo
976 1312 1105 1397 gravior
1131 1313 1215 1377 ictus
1241 1312 1320 1377 inei·

129 1412 218 1475 deret
240 1411 409 1496 (laudabas
432 1413 549 1498 quippe
570 1412 724 1477 ferientes
757 1412 1001 1497 hortabarisque
1029 1416 1065 1478 ut
1088 1413 1258 1497 auderent,
1289 1416 1322 1478 et

129 1513 291 1578 audebant
304 1513 399 1600 iam),
423 1536 494 1578 cum
516 1515 678 1598 spectator
692 1519 925 1597 moderatorque
947 1514 1128 1579 ineuntium
1143 1515 1320 1579 certamina

128 1615 269 1680 virorum
290 1637 380 1680 arma
403 1636 624 1699 componeres,
647 1615 713 1680 tela
734 1617 924 1699 temptares,
948 1637 986 1680 ac
1003 1616 1113 1699 siquod
1137 1616 1246 1681 durius
1269 1640 1320 1682 ac-

130 1717 263 1803 cipienti
285 1719 461 1802 videretur,
484 1718 553 1802 ipse
568 1717 719 1783 vibrares.
752 1717 843 1803 quid,
867 1740 939 1783 curn
960 1718 1112 1784 solacium
1134 1720 1245 1804 fessis,
1270 1742 1320 1785 ae·

90 1843 116 1884 15
129 1821 196 1906 gris
218 1843 312 1905 opem
338 1820 463 1886 ferres?
489 1843 556 1885 non
583 1820 643 1885 tibi
664 1820 761 1886 moris
783 1822 841 1884 tua
863 1819 945 1884 inire
966 1820 1122 1905 tentoria,
1151 1822 1215 1886 nisi
1238 1844 1320 1886 com·

128 1922 310 1987 militonum
333 1924 408 1987 ante
430 1922 616 2005 lustrasses,
639 1943 699 1986 nec
720 1921 862 2005 requiem
885 1922 1009 2007 corpori
1031 1922 1094 1986 nisi
1113 1927 1188 2007 post
1209 1946 1320 1989 omnes

129 2023 215 2089 dare.
248 2046 310 2089 nec
323 2025 403 2088 mihi
424 2024 635 2089 admiratione
650 2017 767 2107 dignus
789 2025 965 2108 imperator
986 2025 1147 2089 videretur
1152 2075 1161 2109 ,
1185 2028 1214 2090 si
1235 2026 1320 2091 inter

129 2125 292 2192 Fabricios
315 2124 535 2210 etSeipiones
564 2128 597 2189 et
619 2123 771 2191 Camillos
796 2125 872 2190 talis
895 2128 994 2190 esset:
1021 2128 1100 2191 tune
1122 2128 1209 2192 enim
1229 2128 1320 2192 illum
1360 2156 1363 2162 ·

129 2227 319 2292 imitationis
334 2227 427 2292 ardor
450 2249 635 2313 semperque
650 2226 762 2291 melior
784 2226 899 2311 aliquis
918 2227 1116 2293 accenderet.
1150 2233 1320 2315 postquam

90 2355 116 2395 ao
129 2351 203 2395 vero
225 2329 366 2395 studium
394 2351 555 2394 armorum
583 2352 602 2393 a
623 2329 770 2393 manibus
793 2329 834 2393 ad
861 2329 985 2414 oeulos,
1017 2331 1058 2395 ad
1080 2331 1279 2416 voluptatem
1301 2355 1326 2396 a.

129 2432 237 2497 labore
258 2431 453 2497 translatum
475 2435 538 2515 est,
561 2434 730 2515 postquam
745 2431 1030 2497 exercitationibus
1048 2433 1166 2497 nostris
1181 2456 1247 2498 non
1269 2457 1320 2498 ve·

128 2535 315 2600 tarenorum
336 2534 468 2619 aliquis,
499 2533 551 2598 cui
578 2534 674 2597 decus
696 2531 829 2596 muralis
851 2536 906 2597 aut
929 2533 1030 2598 civica
1036 2583 1045 2617 ,
1075 2535 1131 2599 sed
1152 2536 1320 2619 graeculus

129 2636 284 2721 magister
306 2635 449 2720 adsistit,
477 2657 573 2719 quam
599 2656 754 2720 magnum
785 2638 833 2698 est
857 2657 957 2700 unum
980 2657 1018 2699 ex
1046 2637 1194 2701 omnibus
1216 2637 1320 2721 patrio

129 2759 231 2821 more,
253 2738 360 2822 patria
381 2737 499 2802 virtute
521 2736 635 2801 laetari
658 2738 692 2801 et
713 2737 783 2801 sine
798 2737 938 2819 aemule,
963 2738 1032 2801 sine
1047 2737 1191 2822 exemplo
1213 2759 1321 2802 secum

89 2865 115 2907 as
130 2842 269 2923 certare,
298 2861 406 2904 seeum
435 2839 628 2904 contendere
656 2861 711 2922 ac,
741 2839 824 2904 sicut
850 2839 989 2923 imperat
1017 2839 1116 2923 solus,
1146 2839 1247 2904 solum
1275 2839 1321 2904 ita

130 2964 199 3008 esse
221 2943 274 3027 qui
290 2942 405 3007 debeat
426 2942 599 3026 imperare!
623 2963 691 3006 non
711 2941 909 3032 incunabula
930 2941 1010 3007 haec
1031 2942 1107 3025 tibi,
1132 2941 1264 3026 Caesar,
1289 2944 1321 3006 et
1332 2943 1372 3008 14

129 3042 344 3129 rudimenta9
361 3066 433 3109 cum
460 3065 540 3129 puer
568 3044 737 3108 admodum
762 3043 915 3109 Parthica
936 3044 1027 3109 lauro
1055 3045 1192 3130 gloriam
1219 3045 1321 3130 patris

130 3168 263 3232 augeres
285 3168 464 3231 nomenque
486 3145 671 3212 Germanici
692 3147 757 3211 iarn
778 3149 846 3212 tum
868 3168 1041 3232 mererere,
1073 3169 1145 3212 eum
1166 3147 1320 3212 ferociam

198 3356 214 3404 5
233 3369 293 3403 cum
312 3350 414 3418 tecum]
435 3352 566 3418 quomodo
583 3356 677 3403 tecum
694 3368 709 3402 c
793 3354 809 3402 6
827 3353 933 3405 ferrent
950 3355 1025 3404 sitim
1043 3355 1085 3403 Ao
1107 3353 1195 3405 ferret
1213 3353 1287 3404 sitim
1303 3355 1321 3403 b

129 3421 219 3472 ferres
236 3421 310 3471 sitim
328 3421 342 3484 β
360 3421 436 3471 sitim
453 3421 538 3471 ferret
556 3422 572 3469 d
640 3420 819 3472 meditatione
839 3423 988 3487 campestri
1005 3420 1125 3471 BA²aed
1142 3421 1320 3473 meditatione

129 3488 259 3553 terpestri
275 3489 299 3537 A
315 3488 479 3539 uelitatione
499 3489 647 3553 campestri
665 3492 773 3541 coniecit
789 3490 958 3541 Mommsenua
1008 3493 1024 3541 8
1043 3491 1216 3555 praestantia
1234 3489 1322 3539 libero

129 3558 192 3608 led
217 3557 389 3621 praestantia
406 3555 502 3621 dispar
526 3556 614 3607 libero
631 3558 655 3606 A
679 3558 854 3623 praestantia
876 3557 1004 3609 differens
1024 3573 1085 3608 cum
1102 3558 1191 3609 libero
1211 3570 1228 3612 ς
1246 3573 1321 3621 prae-

130 3625 236 3676 stantia
260 3624 387 3675 differres
414 3640 475 3674 cum
497 3623 581 3674 libero
601 3625 767 3690 Oarpinianus
792 3628 969 3692 praestantia
995 3626 1102 3677 distans
1131 3626 1218 3677 libero
1236 3626 1320 3676 Daed-

130 3709 217 3744 nerus.
236 3693 359 3759 nihilque
378 3693 479 3744 ceteris
496 3692 591 3743 robore
609 3708 643 3743 ac
660 3695 833 3758 praestantia
858 3695 952 3760 dispar
977 3693 1065 3745 libero
1091 3696 1149 3745 olim
1171 3695 1247 3745 edidi.
1274 3696 1323 3744 sed

130 3762 251 3827 dispare
269 3762 416 3812 coniectura
431 3761 576 3826 profectum
594 3767 633 3811 est
677 3763 782 3812 eminus
802 3763 831 3817 G.
843 3764 880 3813 H.
899 3763 1187 3826 Scbaeseruacominus
1199 3762 1287 3811 aser

129 3828 534 3891 iiuibraressslibraresabod
568 3830 679 3880 uibrata
688 3829 899 3893 Altdlibratac
934 3829 1140 3896 10tuae1tuib
1177 3829 1320 3879 iliariens

128 3899 154 3948 A
171 3897 298 3948 ferientis
316 3912 333 3946 a
402 3899 433 3947 12
452 3901 595 3962 spectator
612 3896 824 3962 moderatorque
841 3910 859 3953 ς
876 3914 890 3948 c
908 3901 1055 3950 coniectura
1072 3900 1222 3961 heceloni,
1241 3905 1268 3948 at
1285 3900 1320 3949 oi-

128 3968 215 4028 detur,
233 3968 427 4030 spectatorque
443 3965 506 4014 Acd
524 3968 667 4030 spectator
685 3980 738 4032 quq
755 3967 797 4015 Ba
874 3969 905 4017 13
922 3967 979 4018 tela
996 3993 1029 4003 -
1050 3970 1081 4017 14
1090 3966 1215 4017 vibrare
1233 3982 1280 4017 om.
1298 3966 1322 4014 A

165 4048 200 4083 ao
218 4032 316 4097 siquod
332 4032 376 4087 Βς
394 4049 428 4083 ac
446 4032 536 4098 siquid
554 4034 571 4082 d
588 4034 719 4085 Livineius
736 4049 770 4084 sc
808 4032 860 4084 uod
878 4049 893 4084 o
960 4032 1064 4098 durius]
1082 4034 1196 4099 grauius
1212 4035 1322 4084 Ritters-

128 4102 217 4153 lsusr'us
286 4102 318 4152 15
336 4102 419 4153 moris
437 4102 479 4150 Bd
497 4116 555 4153 mos
572 4102 614 4151 Ao
700 4103 732 4153 17
749 4050 814 4169 ηοξ
834 4102 896 4152 Hac
914 4104 984 4152 ABd
1001 4118 1034 4152 ac
1050 4117 1099 4151 ac:
1117 4102 1171 4152 hac
1189 4101 1256 4151 milri
1275 4102 1321 4152 ad-

127 4169 276 4220 miratione
294 4169 394 4234 dignus
411 4172 561 4234 imperator
587 4185 642 4220 non
668 4169 845 4224 uidereturs
871 4171 924 4220 hac
945 4170 1012 4220 mihi
1031 4169 1215 4220 admiratione
1232 4170 1322 4220 minus

127 4237 230 4304 dignus
247 4238 398 4303 imperator
415 4238 555 4288 videretur
573 4239 680 4289 content
696 4238 865 4289 Monaesenus
969 4241 1001 4289 19
1022 4238 1253 4289 immirationisB

126 4304 291 4357 incenderet
309 4321 377 4360 corr.
397 4304 591 4356 accenderetb
659 4307 691 4356 21
704 4306 958 4367 ueteranorude
975 4312 1098 4357 ueterum
1115 4307 1158 4356 Ae
1226 4308 1258 4356 22
1276 4306 1321 4358 de-

127 4389 179 4425 cus
198 4389 302 4425 corona
319 4374 433 4425 muralis
449 4376 473 4424 A
540 4375 574 4424 24
592 4374 699 4425 aemulo
717 4390 751 4425 ac
769 4376 829 4426 sins
847 4375 908 4424 nor
984 4376 1017 4425 25
1035 4375 1152 4440 imperat
1163 4386 1186 4428 -s
1203 4375 1322 4440 impera·

126 4449 173 4495 ret
190 4442 282 4492 Anas
298 4443 417 4507 imperet
435 4442 563 4493 Liuineius
631 4444 665 4493 26
682 4440 748 4509 non]
769 4459 859 4494 nonae
878 4455 895 4498 ς
912 4458 975 4493 nam
993 4444 1162 4494 Mamaeanas
1212 4445 1246 4494 28
1264 4448 1321 4493 tum

126 4524 266 4563 mererere
283 4511 330 4566 As
347 4514 406 4561 tum
424 4526 528 4561 merere
546 4510 588 4558 Bd
605 4515 667 4563 tum
680 4527 813 4563 meterem
830 4526 866 4561 ac
884 4516 941 4561 tum
959 4512 1101 4562 merebere
1118 4513 1173 4563 cod.
1192 4511 1298 4562 Medici.
