3024 5062
494 284 738 333 nrrsruuaauu
760 286 808 336 vr.
832 281 856 331 5.
872 284 896 332 s.
920 279 954 347 (a.
972 283 1028 332 mo.
1046 280 1105 347 107)
1338 274 1396 338 151

205 438 452 504 reconciliarent
474 459 512 503 ac
540 443 820 523 recomponerent,
849 440 1046 523 frequentius
1070 440 1221 525 singulm,
1245 443 1398 508 ambobus
1430 430 1464 454 '²

204 540 366 606 interdum
388 541 561 624 propitium
576 539 760 624 Caesarem,
784 544 821 605 ut
840 542 875 605 in
889 542 1011 606 ludicro
1025 543 1147 626 aliquo,
1170 545 1397 626 precabantur.

204 643 284 708 mibi
306 643 434 727 quidem
455 643 534 706 illud
555 643 650 708 etiam
666 644 874 727 peracerbum
896 643 973 728 fuit,
997 645 1081 728 quod
1103 648 1180 709 sunt
1202 646 1283 709 alter
1304 647 1427 711 alterid

202 745 280 829 quid
301 747 456 828 pararent
477 744 620 810 indicati.
665 767 741 808 nam
763 749 795 809 et
816 744 926 811 Celsus
941 745 1060 830 Nepoti
1083 768 1121 810 ex
1143 747 1251 811 libello
1267 768 1396 832 respon-

172 845 252 918 5dit
274 849 307 910 et
329 845 420 912 Celso
442 845 550 929 Nepos
573 869 611 911 ex
626 847 850 932 pugillaribus.
895 851 988 912 tanta
1010 848 1187 932 loquacitas
1210 851 1424 934 amicorum,7

201 951 240 1011 ut
261 947 407 1012 homines
429 948 588 1033 iurgaturi
610 948 643 1011 id
665 949 778 1032 ipsum·
797 949 934 1014 invicem
958 949 1106 1032 scierint,
1137 953 1301 1035 tamquam
1324 974 1396 1016 con·

200 1050 355 1114 venisset.
401 1049 480 1114 vale.

771 1220 829 1286 VI.

299 1407 316 1440 ο
537 1342 566 1396 G.
586 1339 733 1393 PLINIUS
751 1341 926 1393 FUNDANO
945 1341 1016 1393 SUO
1036 1343 1062 1392 S.

153 1494 184 1532 10
288 1458 467 1543 Siquando,
496 1481 583 1523 nunc
612 1459 782 1544 praecipue
810 1480 959 1542 cuperem
987 1480 1055 1522 esse
1083 1463 1115 1523 te
1137 1458 1274 1543 Romae,
1299 1464 1332 1525 ct
1354 1462 1396 1526 sis
1409 1468 1424 1531 1

199 1582 291 1645 rogo.
329 1582 409 1644 opus
440 1564 488 1625 est
515 1562 594 1625 mihi
622 1562 688 1625 voti
711 1561 829 1625 laboris
852 1561 1076 1624 sollicitudinis
1099 1562 1193 1625 socio.
1238 1563 1321 1646 petit
1342 1564 1396 1628 ho-

199 1684 296 1727 nores
318 1662 419 1727 Iulius
441 1663 542 1745 Naso,
571 1662 654 1747 petit
683 1684 755 1726 cum
782 1664 908 1745 multia,
944 1685 1015 1727 cum
1038 1662 1146 1746 bonis,
1171 1685 1249 1747 quos
1271 1667 1307 1728 ut
1329 1666 1397 1750 glo-

198 1764 321 1828 riosum
343 1764 389 1828 sic
412 1768 461 1829 est
483 1764 614 1829 difficile
643 1786 801 1847 superare.
846 1766 969 1848 pendeo
997 1786 1073 1849 ergo
1103 1767 1135 1828 et
1157 1787 1305 1829 exerceor
1326 1772 1425 1851 spe,2

200 1866 334 1930 adficior
356 1869 444 1930 metu
478 1869 510 1930 et
544 1888 594 1930 me
623 1865 823 1930 consularem
851 1887 1006 1930 essenon
1030 1867 1149 1931 sentio:
1183 1889 1259 1931 nam
1287 1891 1395 1933 rursus

154 2000 186 2041 15
200 1968 281 2032 mibi
303 1967 413 2033 videor
434 1968 578 2032 omniurn
599 1989 680 2051 quae
703 1968 868 2032 decucurri
897 1968 1095 2032 candidatus.
1143 1973 1284 2033 meretur
1311 1970 1424 2039 hanc3

200 2093 311 2135 curam
333 2071 433 2155 longa
454 2070 517 2134 mei
540 2071 685 2134 caritate.
721 2073 770 2134 est
796 2070 876 2134 mihi
899 2093 970 2134 cum
993 2070 1048 2134 illo
1070 2092 1136 2134 non
1158 2093 1236 2135 sane
1258 2076 1394 2155 paterna

198 2172 342 2237 amicitia
370 2173 488 2256 (neque
511 2172 596 2236 enim
619 2193 687 2235 esse
716 2171 821 2255 potuit
851 2193 909 2255 per
936 2193 1041 2235 meam
1069 2175 1238 2257 aetatem)3
1272 2173 1394 2238 solebat

198 2277 309 2339 tamen
332 2273 461 2339 vixdum
484 2274 721 2338 adulescentulo
743 2273 823 2337 mibi
850 2277 943 2357 pater
970 2274 1038 2337 eius
1067 2296 1135 2338 curn
1160 2295 1280 2358 magna
1300 2276 1393 2340 laude

198 2377 383 2441 monstrari.
422 2380 491 2440 erat
513 2399 578 2441 nou
610 2377 787 2442 studiorum
814 2378 941 2440 tantum
976 2398 1086 2440 verum
1115 2376 1212 2440 etiam
1239 2378 1393 2443 studioso·

152 2513 185 2553 20
198 2501 270 2544 rum
293 2479 532 2543 amantissimus
561 2501 599 2543 ac
616 2500 716 2563 prope
739 2478 854 2543 cotidie
877 2478 916 2541 ad
937 2478 1119 2561 audiendos,
1143 2499 1219 2562 quos
1239 2482 1317 2543 tunc
1332 2501 1392 2564 ego

198 2582 462 2666 frequentabam,
486 2579 733 2662 Quintilianum,
757 2579 895 2644 Niceten
911 2578 1115 2644 Sacerdotem
1130 2579 1320 2662 ventitabat,
1344 2581 1393 2644 vir

199 2683 317 2768 alioqui
341 2684 445 2747 clarus
469 2686 501 2747 et
522 2683 629 2768 gravis
652 2686 685 2746 et
706 2683 761 2767 qui
775 2683 924 2766 prodesse
945 2681 1011 2745 filio
1025 2681 1178 2745 memoria
1194 2681 1243 2745 sui
1265 2681 1390 2746 debeat.
1457 2667 1461 2674 ⁵

198 2787 253 2850 sed
277 2785 371 2850 multi
393 2786 536 2850 nuncin
559 2787 672 2849 senatu
695 2784 809 2868 quibus
831 2784 962 2868 ignotus
985 2782 1053 2866 ille,
1082 2783 1174 2847 multi
1197 2783 1310 2867 quibus
1336 2788 1422 2851 nas

197 2891 267 2971 tus,
297 2888 441 2952 sednon
463 2886 526 2951 nisi
549 2887 692 2950 viventes
720 2889 916 2950 reverentur.
957 2907 1019 2969 quo
1046 2887 1151 2969 magis
1178 2885 1253 2949 huic
1275 2887 1392 2950 omissa

153 3021 184 3062 25
198 2990 304 3076 gloria
325 2989 443 3073 patris,
467 2989 502 3052 in
524 3011 587 3073 qua
608 3009 764 3073 magnum
786 2990 1026 3070 ornamentum,
1050 2988 1156 3071 gratia
1171 2986 1309 3070 infirma,
1330 2987 1392 3072 ipsi

198 3199 402 3207 ——.--—-

614 3294 629 3327 c

268 3332 516 3382 lreconciliarent
540 3347 574 3381 ac
592 3347 621 3380 re
641 3337 821 3395 ompouerent
846 3332 874 3379 Μ
899 3330 1116 3381 reconciliarent
1143 3337 1390 3397 componerentque

198 3405 286 3466 Dprc
355 3400 524 3451 ainardum
541 3399 789 3454 ureaindumn
816 3398 940 3459 nidump
1010 3397 1156 3449 ludricoll
1208 3399 1394 3464 precabantur

197 3474 266 3534 Hpr
284 3469 473 3534 peccabantur
491 3469 512 3516 D
531 3471 735 3533 precarentura
820 3470 835 3516 3
854 3464 936 3531 quod]
959 3467 1067 3530 quidem
1086 3480 1102 3527 p
1187 3471 1203 3515 4
1222 3465 1299 3532 quid]
1320 3468 1391 3532 quod

197 3541 219 3587 1)
290 3537 535 3600 aloquacitatisr
620 3535 798 3599 sspurgaturi
814 3535 842 3581 11
926 3532 1058 3597 invicem]
1076 3535 1196 3584 uicemr
1276 3535 1392 3585 scierint

196 3608 265 3661 Ητς
284 3606 388 3655 scirent
404 3606 470 3666 Ilpa
537 3603 712 3653 conuenisset
728 3603 776 3652 Ha
795 3603 991 3653 conuenissent
1008 3604 1069 3663 Dpr

266 3673 305 3723 VI
322 3675 338 3723 9
356 3670 534 3722 FUNDANO
556 3673 626 3733 Epa
649 3669 840 3721 FUNDANIO
857 3671 920 3726 Βτς
1024 3673 1053 3718 11
1078 3671 1149 3733 petit
1172 3669 1289 3720 honores
1306 3670 1390 3720 iulius

197 3758 267 3793 naso
285 3742 358 3806 petit
375 3756 435 3791 cum
453 3739 546 3788 multis
562 3741 647 3801 Dpra
672 3741 745 3802 petit
770 3753 838 3788 naso
866 3754 926 3788 cum
946 3737 1039 3788 multis
1056 3739 1096 3797 M,
1124 3740 1190 3788 unde
1217 3739 1287 3802 petit
1303 3738 1390 3789 Iulius

196 3812 281 3868 Naso,
301 3808 372 3873 petit
390 3822 450 3857 cnm
470 3807 563 3856 multis
581 3809 688 3857 coniecit
706 3806 807 3856 Curtius
893 3808 925 3857 12
948 3805 1123 3871 gloriosusI)
1211 3809 1242 3856 13
1261 3821 1390 3857 exerceor

195 3893 245 3944 spe
264 3876 373 3927 afficior
390 3881 464 3926 metu
480 3877 564 3938 Dpra
582 3890 712 3924 exerceor
731 3878 811 3939 atque
832 3874 943 3925 adficior
960 3878 1034 3924 metu
1045 3874 1073 3921 Μ
1092 3888 1223 3923 exerceor
1239 3889 1288 3938 spe
1306 3880 1389 3939 atque

196 3945 309 3996 afficior
327 3948 402 3994 metu
420 3946 491 4008 culpo
510 3960 546 3993 eoe
564 3943 690 3992 Cataraei
708 3944 818 3992 editione
836 3944 948 3992 secunda
1029 3943 1061 3992 14
1079 3949 1108 3992 et
1126 3957 1169 3990 ms
1187 3956 1267 3991 onar
1335 3958 1390 3992 non

197 4025 342 4083 essars.
382 4012 592 4072 namom.1)pr
673 4011 704 4059 15
722 4009 865 4059 decucurri
884 4012 951 4065 nra
969 4010 1075 4059 decurri
1092 4011 1159 4070 nur
1228 4012 1259 4059 16
1277 4009 1389 4075 longam

196 4084 223 4133 ei
242 4083 389 4132 caritatem
406 4081 462 4142 Dp.
538 4081 568 4129 17
587 4079 677 4142 potuit
696 4092 756 4128 esse
775 4093 792 4127 a
860 4079 891 4128 18
914 4077 1145 4128 laudetnostrari
1167 4078 1195 4125 Μ
1265 4080 1296 4127 19
1314 4093 1388 4128 mon-

195 4157 286 4200 strare
304 4149 348 4210 Dp
417 4163 472 4197 non
490 4146 673 4197 studiosorum
692 4150 797 4195 tanturn
816 4160 911 4195 uerum
930 4147 1014 4196 etiam
1032 4144 1183 4195 studiorum
1200 4160 1217 4194 a
1286 4146 1389 4195 studic-

195 4213 299 4281 sorum]
321 4215 412 4266 studio
430 4217 579 4265 suorumD
649 4216 681 4263 20
700 4209 778 4279 tunc]
799 4228 903 4263 nuncr
971 4215 1002 4263 21
1017 4213 1227 4278 frequentabam
1243 4215 1317 4268 Πςο,
1335 4214 1388 4264 fre-

194 4284 388 4352 quentabatll
415 4283 612 4347 frequentabar
634 4296 650 4344 p
679 4282 945 4345 frequentabaturr
1055 4280 1249 4345 quintilianum
1276 4283 1389 4332 niceten

195 4355 324 4418 (Niceam
342 4365 357 4399 r
373 4356 400 4402 et
417 4351 533 4403 Niceam
551 4350 577 4412 ς)
596 4349 766 4400 sacerdotem
786 4350 945 4401 uentitabat
962 4351 1059 4412 Ursa,
1078 4364 1125 4398 om.
1142 4351 1185 4411 Dp
1246 4351 1279 4399 22
1298 4350 1389 4400 clarus

194 4438 230 4473 ac
248 4420 344 4488 grauis
362 4432 397 4482 pr
465 4415 578 4486 debeat]
599 4417 693 4468 diatr
761 4419 1003 4471 conclusorum
1077 4419 1109 4466 24
1128 4417 1286 4467 uiuentisD
1355 4420 1388 4468 25

192 4491 248 4557 ipsi
267 4486 426 4539 enitendum
449 4488 504 4553 ipsi
523 4485 719 4537 elaborandum
747 4491 789 4536 est
809 4486 877 4541 1115
903 4486 957 4551 ipsi
977 4484 1134 4534 enitendum
1159 4490 1186 4534 et
1207 4484 1388 4536 laborandum

193 4563 238 4611 est
256 4572 273 4607 ι
291 4557 348 4623 ipsi
365 4555 559 4606 elaborandum
578 4563 620 4605 est
636 4558 679 4618 Dp
