3024 5062
539 268 781 318 sanxeramus
805 267 846 315 oa.
868 267 909 315 aa.
1259 255 1321 319 369

131 419 268 484 maxime
290 421 470 506 principem
492 426 699 507 promeretur.
737 422 798 487 sibi
821 423 907 487 enim
923 444 1101 488 accrescere
1124 428 1217 509 putat
1238 426 1322 510 quod

132 519 243 607 cuique
266 523 450 588 adstruatur
471 524 655 609 nullamque
677 525 711 588 in
735 547 772 589 eo
794 525 930 610 gloriam
951 527 1060 611 ponit,
1088 527 1170 611 quod
1193 527 1236 591 sit
1257 548 1322 591 om·

130 625 225 688 nibus
247 625 359 709 maior,
384 624 447 689 nisi
469 625 600 690 maximi
621 626 744 690 fuerint
766 627 880 710 quibus
895 627 997 691 maior
1019 631 1077 693 est.
1107 631 1226 713 persta,
1245 628 1322 695 an-

130 747 197 811 sar,
232 728 266 792 in
294 727 357 792 ista
385 729 509 792 ratione
531 729 687 813 propositi
709 729 853 814 talesque
885 751 944 793 nos
968 730 1075 814 crede,
1110 731 1212 814 qualis
1233 731 1321 796 fama

103 830 281 914 oculusque
310 832 368 894 est.
412 829 487 895 huic
514 852 622 915 aures,
657 830 732 895 huic
759 832 866 896 oculos
893 830 1041 896 intende:
1074 854 1115 896 ne
1143 835 1320 918 respexeris

130 930 347 996 clandestinas
379 932 631 997 existimationes
664 933 824 1017 nullisque
857 934 962 1016 magis
995 955 1090 1018 quam
1118 934 1319 1001 audientibus

128 1033 317 1105 insidiantes
349 1055 504 1098 susurros.
552 1035 665 1099 melius
700 1035 847 1099 omnibus
882 1055 978 1118 quam
1005 1036 1142 1121 singulis
1170 1038 1318 1103 creditur.

128 1135 248 1221 singuli
271 1135 358 1200 enim
379 1135 525 1219 decipere
547 1141 580 1201 et
602 1137 705 1220 decipi
728 1139 883 1221 possunt:
906 1159 1000 1202 nemo
1015 1159 1135 1222 omnes,
1158 1139 1320 1204 neminem

127 1259 237 1303 omnes
257 1237 443 1303 fefellerint.
539 1231 542 1235 ’

89 1359 114 1399 ιο
133 1366 136 1372 ·
211 1340 400 1406 Praevertor
421 1341 488 1404 iam
510 1340 550 1403 ad
573 1341 773 1405 consulatum
794 1344 900 1424 tuum,
924 1341 984 1405 etsi
1006 1345 1083 1405 sunt
1103 1344 1258 1427 quaedam
1280 1346 1318 1409 ad
1329 1343 1370 1408 63

128 1444 329 1508 consulatum
351 1442 478 1528 quidem
500 1443 712 1528 pertinentia,
736 1446 812 1507 ante
828 1442 1029 1508 consulatum
1051 1446 1176 1529 tamen,
1199 1447 1234 1510 in
1255 1449 1319 1532 pri-

127 1547 187 1610 mis
211 1547 293 1630 quod
315 1545 452 1611 comitiis
474 1545 538 1608 tuis
553 1544 730 1609 interfuisti
746 1545 935 1609 candidatus
958 1566 1024 1610 non
1049 1547 1232 1612 consulatus
1248 1551 1319 1614 tan·

125 1651 195 1712 tum
216 1649 271 1712 sed
299 1647 549 1712 immortalitatis
571 1651 603 1711 et
625 1646 747 1732 gloriae
775 1649 808 1711 et
835 1646 982 1731 exempli,
1006 1649 1088 1732 quod
1110 1654 1319 1733 sequerentur

126 1749 203 1813 boni
225 1749 401 1834 principes,
428 1749 505 1813 mali
527 1749 730 1814 mirarentur.
774 1749 854 1814 vidit
877 1751 910 1813 te
938 1749 1074 1833 populus
1096 1750 1261 1817 Romanus
1283 1754 1318 1817 in

88 1869 112 1909 rs
125 1851 182 1914 illa
204 1855 310 1916 vetere
332 1851 501 1935 potestatis
524 1872 599 1915 suae
621 1851 711 1915 sede:
744 1872 913 1935 perpessus
937 1873 970 1915 es
993 1851 1126 1936 longum
1148 1853 1226 1918 illud
1250 1877 1316 1919 car·

125 1975 200 2017 men
216 1953 415 2017 comitiomm
430 1975 491 2017 nec
513 1953 578 2016 iam
600 1952 802 2016 inridendam
817 1974 939 2016 moram
956 1953 1127 2038 consulque
1150 1955 1196 2019 sic
1211 1956 1316 2022 factus

125 2076 177 2139 es,
201 2059 239 2119 ut
259 2076 341 2119 unus
364 2077 402 2120 ex
424 2055 517 2119 nobis
529 2105 538 2139 ,
562 2076 640 2139 quos
655 2054 735 2119 facis
752 2055 907 2119 consules.
939 2058 1052 2139 quotus
1074 2057 1207 2141 quisque
1228 2059 1316 2142 prin-

125 2157 232 2241 cipum
255 2157 512 2222 antecedcntium
534 2157 685 2221 honorem
713 2156 809 2219 istum
837 2158 893 2220 aut
920 2157 1099 2221 consulatui
1126 2159 1240 2224 habuit
1261 2166 1318 2227 aut

123 2259 266 2344 populo?
297 2282 363 2324 non
386 2259 441 2323 alii
463 2258 597 2323 marcidi
619 2279 730 2322 somno
751 2257 965 2342 hesternaque
994 2279 1073 2322 cena
1099 2261 1315 2329 redundantes
1375 2261 1377 2266 ’

84 2379 110 2420 eo
124 2361 325 2426 comitiorum
354 2383 482 2426 suorum
509 2360 640 2425 nuntios
670 2360 935 2445 opperiebantur,
965 2360 1021 2424 alii
1043 2382 1121 2425 sane
1143 2365 1315 2450 pervigiles

122 2468 156 2529 et
177 2464 351 2548 insomnes,
375 2465 429 2528 sed
451 2464 537 2527 intra
554 2462 671 2528 cubilia
685 2484 743 2527 sua
765 2462 828 2526 illis
850 2462 928 2545 ipsis
944 2462 1135 2547 consulibus,
1159 2488 1178 2528 a
1200 2467 1314 2550 quibus

122 2566 270 2632 consules
284 2565 563 2649 renuntiabantur,
580 2563 674 2629 exilia
689 2567 722 2629 et
733 2565 861 2629 caedem
876 2564 1166 2630 machinabantur?
1181 2589 1199 2632 o
1214 2590 1315 2651 prava

122 2674 156 2733 et
177 2669 280 2734 inscia
302 2690 396 2733 verae
419 2668 595 2732 maiestatis
618 2666 766 2750 ambitio,
796 2666 1020 2750 concupiscere
1042 2667 1196 2732 honorem
1219 2691 1313 2754 quem

121 2771 316 2856 dedigneris,
341 2770 508 2855 dedignari
521 2791 614 2855 quem
625 2769 833 2853 concupieris,
851 2790 986 2853 cumque
997 2790 1035 2833 ex
1047 2770 1199 2853 proximis
1211 2770 1312 2837 hortis

80 2889 107 2929 25
121 2895 271 2958 campum
282 2875 314 2938 et
326 2873 654 2957 comitiaprospectes,
668 2873 714 2936 sic
730 2871 771 2935 ab
785 2871 849 2936 illis
860 2871 981 2954 abesse,
994 2874 1155 2955 tamquam
1163 2872 1312 2939 Danubio

120 2975 297 3059 Rhenoque
325 2975 489 3039 dirimere!
524 2973 677 3038 averseris
705 2976 741 3037 tu
773 2973 887 3038 honori
909 2977 964 3038 tuo
992 2976 1119 3058 sperata
1147 2974 1310 3061 suffragia,

120 3077 362 3161 renuntiantque
383 3079 415 3140 te
439 3076 600 3140 consulem
622 3075 751 3140 iussisse
773 3078 957 3159 contentus,
981 3075 1100 3139 liberae
1117 3075 1254 3142 civitatis
1270 3101 1312 3144 ne

120 3180 357 3244 simulationem
380 3179 507 3263 quidem
530 3176 659 3241 serves?
682 3177 844 3241 abstineas
866 3178 1001 3262 denique
1030 3178 1165 3241 comitiis
1188 3179 1311 3245 abstru-

119 3303 175 3346 sus
197 3285 292 3366 atque
315 3281 457 3365 abditus,
481 3280 572 3364 quasi
593 3279 660 3344 illic
681 3279 741 3343 tibi
762 3301 829 3344 non
844 3280 1027 3344 consulatus
1040 3280 1155 3363 detur,
1179 3282 1234 3345 sed
1256 3282 1310 3346 ab·

78 3385 252 3469 erogetur
278 3382 470 3467 imperium?
503 3382 583 3447 haec
610 3382 773 3467 persuasio
800 3381 1035 3466 superbissimis
1064 3382 1200 3446 dominis
1229 3387 1308 3468 erat,

117 3489 156 3551 ut
177 3485 239 3551 sibi
260 3485 445 3551 riderentur
465 3485 627 3570 principes
650 3506 719 3549 esse
747 3485 908 3569 desinere,
938 3484 1042 3568 siquid
1064 3485 1208 3549 facerent
1228 3488 1309 3550 tam-

188 3783 202 3830 1
223 3794 364 3830 accersere
381 3781 402 3829 B
487 3779 574 3828 bhuc
593 3793 673 3827 aures
691 3775 745 3826 huc
762 3776 858 3827 oculos
876 3777 1006 3826 Livineius
1083 3778 1098 3826 6
1117 3775 1308 3829 estimationes

117 3851 163 3900 Aa
265 3850 281 3898 9
299 3847 451 3897 fefellerint
473 3849 581 3896 coniecit
597 3845 758 3896 Schwarziac
776 3845 936 3894 fefellerunt
953 3845 1052 3894 ABod:
1089 3846 1124 3907 cf.
1144 3861 1166 3898 c.
1186 3848 1219 3894 74
1237 3846 1308 3897 alius

118 3918 193 3975 enim
212 3917 331 3967 fortasse
351 3915 448 3975 alium,
467 3913 554 3979 ipsum
572 3930 602 3964 se
622 3929 701 3964 nemo
719 3913 857 3978 deceperit
918 3915 949 3963 10
967 3920 1110 3975 preucrtor
1126 3913 1167 3961 Bo
1184 3919 1309 3964 reuertor

116 3987 198 4040 Δᾱςι
216 3986 250 4048 cf.
269 4001 310 4048 ep.
333 3985 357 4032 V
375 3986 416 4041 14,
437 3987 452 4031 7
513 3985 544 4034 13
560 3984 675 4045 fortasse
697 3981 746 4030 sed
764 3979 982 4030 immortalitatis
1000 3983 1083 4030 etiam
1103 3986 1131 4029 ot
1149 3981 1255 4044 gloriae

117 4059 146 4105 et
160 4055 309 4119 posteriore
326 4055 381 4102 Ioco
400 4068 447 4104 om.
466 4066 479 4099 e
558 4053 590 4100 14
607 4050 672 4099 boni
690 4050 830 4114 principes
848 4050 887 4098 Be
907 4049 1044 4112 principes
1064 4049 1128 4097 boni
1145 4049 1190 4097 Ad
1259 4051 1307 4099 mi·

115 4119 361 4172 rarenturmalid
431 4120 461 4168 16
480 4119 572 4168 factus
590 4134 620 4168 cs
637 4118 723 4167 Aron
740 4117 832 4167 factus
851 4116 911 4178 etti
997 4120 1028 4166 19
1047 4132 1101 4165 non
1120 4116 1169 4165 alii
1187 4118 1226 4166 Bo
1244 4134 1306 4167 nam

115 4190 167 4240 alii
183 4189 229 4239 Ad
313 4186 514 4252 externaquefl
593 4189 626 4236 22
644 4186 879 4235 renuntiabantB
967 4185 1050 4234 exilia
1069 4188 1097 4233 et
1115 4185 1224 4234 caedem
1242 4187 1307 4235 Abd

114 4257 205 4311 exilia
224 4273 257 4307 ac
276 4256 387 4307 caedem
405 4270 419 4305 o
437 4255 519 4304 exilia
538 4260 566 4305 et
585 4253 717 4317 caedesll
785 4269 872 4318 praua
891 4253 980 4302 Anco
997 4268 1083 4318 parua
1105 4252 1138 4301 A²
1196 4256 1228 4303 25
1246 4271 1308 4319 pro-

113 4330 226 4394 spectes
244 4324 326 4374 Ama
344 4328 502 4390 perspectes
520 4324 582 4372 Aod
660 4324 693 4373 2ss
712 4321 856 4372 dirimente
875 4321 1043 4385 Gcapim'onus
1060 4321 1218 4370 dirimerere
1238 4324 1306 4372 Liui·

112 4398 188 4447 netas
256 4394 411 4444 rhenoued
480 4391 635 4442 aduersaris
651 4391 695 4439 Ab
764 4388 824 4455 tuo]
844 4395 875 4439 tu
892 4390 915 4437 A
982 4387 1164 4439 hiconsulem
1183 4391 1227 4444 Δς
1245 4406 1307 4440 con-

111 4463 176 4516 sule
193 4464 256 4512 nou
322 4460 428 4510 liberae
448 4460 559 4509 ciuitati
575 4475 609 4511 ne
629 4458 804 4509 simulatione
823 4457 934 4522 quidem
952 4459 1059 4507 seruies
1077 4458 1247 4522 (inspiciebas

110 4531 242 4584 ciuitatis
259 4531 282 4578 Δ
301 4529 411 4579 ciuitati
428 4529 512 4582 Βοᾱς

165 4616 235 4656 Pam
247 4623 318 4655 namn.
331 4623 369 4654 nn.
383 4613 450 4652 Kirna.
1069 4613 1102 4661 24
