3024 5062
202 269 266 334 366
728 283 758 333 c.
780 285 877 332 nunu

203 438 303 502 bunal
323 437 496 523 aliquando
518 438 679 503 maiestati
708 459 783 503 suae
811 436 966 502 reddere?
993 438 1138 505 ascende.
1175 438 1224 510 uis
1254 441 1402 504 constare

205 540 419 604 reverentiam
443 540 704 624 magistratibus,
728 539 854 625 legibus
870 539 1110 624 auctoritatem,
1134 541 1326 605 modestiam
1346 563 1402 627 po-

206 640 426 706 stulantibus?
449 642 534 706 audi.
563 642 647 726 quod
669 641 756 706 enim
770 642 942 707 interesset
963 642 1010 706 rei
1025 642 1189 727 publicae,
1212 643 1241 708 si
1255 643 1402 728 privatus

204 765 305 828 esses,
328 743 490 808 consulem
511 746 544 809 te
565 744 700 808 haberet
720 747 868 827 tantum,
892 765 934 808 an
957 746 990 808 et
1011 747 1192 809 senatorem
1198 795 1207 829 ,
1231 743 1293 810 hoc
1314 766 1402 810 nuno

204 847 284 910 scito
312 846 467 910 interesse
495 845 674 930 principem
706 849 739 910 te
773 845 892 910 habeat
918 848 1062 931 tantum,
1097 868 1141 911 an
1167 848 1207 943 et
1227 847 1427 912 consulema

205 947 255 1011 his
277 950 326 1012 tot
347 946 510 1031 tantisque
538 947 717 1013 rationibus
745 969 937 1032 quamquam
964 947 1100 1012 multum
1128 947 1285 1013 reluctata
1314 965 1401 1012 vere-

206 1048 321 1114 cundia
348 1049 504 1134 principis
531 1049 634 1114 nostri
660 1049 792 1114 taudem
819 1052 931 1113 tamen
953 1050 1057 1114 cessit.
1101 1053 1136 1115 at
1156 1071 1250 1134 quem
1273 1049 1314 1114 ad
1336 1071 1401 1114 mo

204 1150 280 1214 dum
302 1150 422 1216 cessit?
442 1172 509 1215 non
531 1173 565 1215 se
587 1154 624 1215 ut
645 1151 795 1235 privatis,
819 1151 874 1215 sed
896 1152 933 1215 ut
954 1151 1096 1235 privatos
1118 1151 1180 1216 sibi
1199 1173 1294 1237 pares
1315 1152 1400 1216 face-

204 1254 262 1316 ret.
291 1252 414 1338 recepit
435 1252 521 1318 enim
543 1253 674 1335 tertium
697 1252 912 1336 consulatum,
941 1255 978 1316 ut
1000 1253 1101 1318 daret.
1138 1257 1273 1319 noverat
1294 1254 1401 1318 mode-

204 1355 363 1420 rationem
384 1355 565 1439 hominum,
589 1358 724 1420 noverat
744 1354 906 1440 pudorem,
930 1355 984 1442 qui
1004 1377 1071 1420 non
1085 1355 1284 1421 sustinerent
1304 1355 1402 1420 tertio
1418 1378 1440 1418 ιο

207 1457 352 1522 consules
381 1478 450 1522 esse
472 1457 536 1522 nisi
560 1479 633 1522 oum
654 1461 705 1522 ter
728 1455 868 1522 consule.
905 1455 1061 1521 bellorum
1087 1457 1174 1522 istud
1196 1457 1290 1522 sociis
1312 1457 1401 1541 olim,

205 1559 419 1641 periculorum
442 1559 658 1642 consortibus,
681 1580 778 1644 parce
799 1563 910 1623 tamen
931 1557 1150 1643 tribuebatur,
1173 1558 1258 1644 quod
1279 1562 1316 1623 tu
1337 1559 1403 1624 sin·

205 1660 470 1743 gularibus·viris
499 1682 537 1726 ac
559 1661 598 1725 de
625 1664 658 1726 te
686 1661 814 1746 quidem
841 1662 925 1726 bene
947 1683 985 1726 ac
1005 1660 1148 1745 fortiter,
1175 1660 1231 1726 sed
1259 1661 1296 1749 in
1323 1663 1403 1746 toga

205 1762 329 1827 meritis
350 1763 552 1848 praestitisti.
590 1763 756 1847 utriusque
779 1785 872 1847 cura,
904 1763 1067 1847 utriusque
1088 1761 1259 1848 vigilantia
1286 1762 1402 1827 obstri-

206 1866 276 1928 ctus
299 1885 348 1948 ea,
377 1864 504 1931 (laesar.
543 1865 654 1930 sedin
676 1866 823 1951 principe
845 1887 954 1930 rarum
976 1885 1015 1930 ae
1036 1885 1136 1950 prope
1163 1864 1330 1931 insolitum
1352 1870 1401 1930 est
1413 1891 1437 1938 ,ιε

205 1968 241 2028 ut
263 1987 297 2030 se
319 1969 411 2050 putet
433 1967 611 2052 obligatum
634 1971 704 2050 sut,
727 1967 755 2031 si
776 1970 883 2052 putet,
907 1971 1001 2033 amet.
1032 1967 1129 2032 debes
1151 1989 1246 2053 ergo,
1270 1967 1400 2051 Cacsar,

206 2070 238 2130 et
260 2068 372 2153 solvis,
396 2072 429 2134 et
452 2092 524 2134 oum
546 2072 595 2134 ter
617 2070 762 2134 consules
785 2069 881 2154 facis,
903 2090 970 2134 non
991 2069 1052 2134 tibi
1074 2089 1213 2154 magnus
1235 2069 1399 2154 princeps,

206 2170 347 2234 sednon
378 2171 527 2257 ingratus
554 2172 675 2236 amicus
697 2171 822 2236 videris.
861 2171 1059 2256 quinetiam
1089 2192 1244 2256 perquam
1274 2172 1401 2236 modica

206 2271 362 2355 quaedam
386 2274 502 2338 civium
523 2274 640 2339 merita
667 2273 816 2338 fortunae
838 2276 913 2338 tuae
936 2272 1056 2337 viribus
1077 2272 1114 2338 in
1134 2273 1238 2337 maius
1261 2274 1398 2339 extollis.

205 2373 307 2438 efficis
329 2375 415 2440 enim
437 2379 474 2440 ut
496 2379 623 2440 tantum
644 2375 705 2439 tibi
732 2375 865 2459 quisque
886 2373 1084 2459 praestitisse
1111 2373 1272 2460 videatur,
1302 2397 1435 2460 quan-so

205 2479 274 2540 tum
297 2499 316 2541 a
337 2480 370 2542 te
392 2478 524 2562 recepit.
562 2478 638 2562 quid
665 2477 720 2542 isti
747 2476 943 2562 benignitati
964 2476 1099 2561 precer?
1130 2477 1195 2542 nisi
1215 2480 1255 2542 ut
1276 2499 1402 2563 semper

205 2577 344 2664 obliges,
368 2579 520 2665 obligaris
542 2580 761 2664 incertumque
782 2579 900 2662 facias,
929 2582 1036 2643 utrum
1057 2580 1162 2665 magis
1185 2580 1339 2663 expediat
1360 2580 1401 2644 ci-

154 2680 296 2749 iilvibus
318 2682 383 2746 tuis
405 2682 520 2754 debere
548 2682 610 2747 tibi
632 2704 675 2746 an
702 2681 912 2765 praestitisse.
950 2681 1095 2765 equidem
1117 2680 1209 2745 illum
1232 2680 1400 2765 antiquum

151 2789 155 2795 '
208 2786 356 2848 senatum
379 2783 530 2848 contueri·
546 2783 691 2865 videbar,
716 2805 787 2847 oum
808 2787 858 2847 ter
881 2783 1010 2847 consule
1026 2783 1191 2848 adsidente
1212 2784 1312 2848 tertio
1328 2805 1399 2849 con·

204 2884 306 2949 sulem
328 2886 530 2970 designatum
553 2885 661 2970 rogari
683 2883 877 2949 sententiam
901 2906 1073 2950 cernerem.
1109 2885 1224 2970 quanti
1245 2888 1326 2950 tunc
1340 2885 1432 2971 illias

204 2989 404 3072 quantusque
431 2989 482 3052 tu!
513 2987 630 3051 accidit
657 2985 785 3070 quidem
811 2989 848 3051 ut
875 3008 1007 3072 corpora
1034 2987 1211 3072 quamlibet
1240 2988 1341 3052 ardua
1368 2990 1400 3053 et

206 3087 332 3152 excelsa
353 3089 587 3174 procerioribus
610 3089 738 3152 admota
760 3087 962 3173 decrescant3
990 3089 1070 3154 item
1095 3091 1134 3154 ut
1155 3089 1335 3155 altissimae
1357 3091 1397 3154 ci·

204 3191 291 3256 vium
313 3191 488 3276 dignitates
511 3189 683 3255 collatione
704 3189 829 3274 fastigii
856 3190 905 3254 tui
927 3191 1019 3275 quasi
1041 3191 1279 3276 deprimantur,
1302 3214 1397 3277 quan·

204 3400 405 3409 ᾕ-

272 3539 285 3586 1
305 3535 448 3586 maiestati
466 3549 533 3586 suae
552 3534 594 3589 Bc
612 3533 754 3585 maiestati
771 3539 838 3584 tuae
855 3534 899 3583 sd
917 3535 1073 3585 maiestatis
1096 3534 1195 3585 tuae'o
1248 3536 1394 3588 ascendere

203 3605 219 3654 b
305 3604 565 3669 ipatulantibuss
650 3601 748 3654 3audi
765 3603 871 3667 Lipsius
890 3603 967 3652 adire
985 3602 1075 3651 ned
1092 3602 1140 3652 adi
1158 3614 1175 3658 ς
1193 3603 1262 3655 sdes
1280 3605 1393 3656 seton·

201 3674 264 3726 zius.
281 3673 397 3734 sortasse
416 3670 535 3722 adtende
588 3670 658 3736 quod
678 3670 749 3721 enim
767 3672 942 3725 interesset&
961 3670 1030 3736 quod
1049 3671 1121 3721 enim
1140 3671 1259 3722 interest
1275 3673 1316 3723 llo
1333 3671 1393 3738 quid

202 3742 273 3790 enirn
292 3741 409 3791 interest
426 3741 449 3789 Δ
466 3738 531 3804 quid
551 3741 622 3788 onim
642 3737 702 3800 (om.
720 3737 876 3802 interesset)
895 3739 913 3787 d
984 3740 1001 3788 4
1019 3738 1158 3789 consulem
1176 3739 1297 3792 haberet
1315 3748 1343 3792 te
1360 3756 1393 3791 an

203 3813 309 3860 tantum
328 3813 480 3860 senatorem
499 3808 636 3866 Livineius,
656 3812 741 3873 ‘quarn
758 3809 946 3858 insanientium
962 3807 1041 3857 aerbo
1053 3808 1132 3858 Plinii
1148 3809 1224 3858 enam
1243 3810 1292 3860 loc
1308 3811 1393 3864 saltem

202 3879 275 3928 ruodo
302 3879 439 3942 tramponi
462 3882 581 3940 possent,
608 3879 765 3926 senatorem
792 3881 819 3925 te
846 3874 962 3925 haberet
988 3877 1096 3925 tantum
1124 3890 1160 3924 an
1188 3880 1216 3926 et
1244 3877 1391 3928 consulcm’

203 3944 362 3995 Sclwnrzius
431 3960 467 3994 sn
486 3944 675 3994 senatoremd
743 3946 807 3993 ‘lat
826 3943 956 4008 quemad
974 3942 1084 3994 modum
1104 3943 1191 4003 cessit
1209 3960 1260 3996 om.
1278 3948 1315 3996 od
1377 3945 1392 3995 8

204 4028 257 4064 non
275 4028 304 4063 se
323 4018 353 4063 ut
371 4013 489 4078 priuatis
507 4012 573 4061 Ant
594 4027 649 4061 non
667 4027 696 4062 se
715 4017 745 4061 ut
762 4012 889 4076 priuatus
909 4010 924 4074 β
946 4026 1001 4062 non
1022 4025 1059 4066 se,
1074 4015 1105 4061 ut
1123 4012 1264 4077 priuatum
1282 4027 1297 4063 o

202 4096 285 4146 pares
302 4081 355 4131 sibi
373 4082 416 4136 Βς
492 4082 509 4131 9
527 4081 633 4145 recepit
651 4106 680 4114 —
701 4079 780 4130 daret
797 4096 843 4131 om.
860 4076 905 4127 Δᾰ
991 4081 1022 4130 10
1040 4079 1207 4130 sustinerent
1224 4079 1306 4131 A’Bd
1323 4096 1392 4132 susc

202 4154 264 4199 rent
281 4149 304 4197 Δ
322 4151 472 4200 sustineret
489 4164 503 4199 a
581 4150 611 4197 11
630 4147 714 4199 sociis
732 4159 749 4202 ς
766 4147 836 4198 ociis
853 4146 915 4196 scu
932 4148 1037 4196 otiisA
1124 4150 1155 4198 13
1176 4147 1209 4198 de
1230 4155 1257 4199 te
1276 4151 1345 4201 bene
1361 4164 1391 4199 sc

203 4217 313 4267 fortiter
329 4219 345 4266 b
364 4218 398 4268 de
416 4223 444 4268 te
464 4215 571 4284 quidem
590 4233 624 4268 ac
643 4216 753 4266 fortiter
771 4215 786 4278 β
905 4215 955 4265 sed
973 4216 1002 4265 in
1020 4222 1086 4280 toga
1105 4215 1211 4266 meritis
1230 4216 1393 4282 praestitisti

201 4287 331 4336 Livineius
348 4285 397 4336 sed
412 4286 579 4351 praestitisti
594 4284 624 4334 in
641 4289 708 4348 toga
727 4284 829 4333 meritis
848 4282 1019 4349 (meritisque
1038 4284 1063 4350 a)
1080 4284 1145 4332 Aoi
1165 4287 1332 4349 praestitisti
1348 4283 1391 4335 sed

202 4354 231 4403 in
249 4360 315 4417 toga
333 4356 439 4404 meritis
457 4354 499 4409 Βς
519 4354 624 4404 meritis
642 4352 819 4418 praestitisti,
838 4351 887 4401 sed
906 4351 934 4401 in
958 4358 1023 4418 toga
1045 4353 1153 4403 meritis
1171 4353 1280 4418 Lipsius
1364 4353 1392 4402 rt

202 4422 386 4487 propensi
458 4425 488 4473 17
508 4431 536 4472 et
556 4417 629 4488 cum]
649 4422 698 4470 scd
717 4435 777 4470 eum
795 4419 883 4469 Aliost
962 4423 1075 4470 itate
1092 4421 1203 4485 recepit
1221 4426 1391 4475 cratere·

203 4489 355 4554 cipitata
373 4495 438 4540 ante
457 4490 563 4555 recepit
581 4490 596 4553 β
692 4491 726 4539 25
744 4484 798 4554 illi]
817 4488 866 4539 ille
884 4489 940 4541 cod.
960 4489 1066 4538 Medici.
1152 4489 1186 4538 26
1205 4483 1389 4554 quantusque]

202 4558 393 4622 quantiqueli
462 4556 582 4625 quidem]
603 4557 714 4609 enimB
783 4558 815 4607 27
833 4555 998 4607 decrescunt
1017 4557 1145 4607 Gesnerus
