3024 5062
220 277 295 327 XXX
714 275 922 325 PRAEFATIO.

220 450 324 513 neque
346 429 388 493 ab
410 428 494 491 Aldo
517 430 661 492 correcta
683 427 765 509 sint,
789 426 884 491 facile
906 427 1107 513 intellegitur
1120 427 1234 493 horum
1257 450 1417 494 consensu

219 529 303 595 nihil
324 529 389 593 nisi
411 529 588 594 recentium
610 528 764 593 librorum
792 529 985 613 scripturam
1012 530 1200 615 significari.
1237 551 1301 615 qno
1321 530 1361 595 fit
1381 532 1418 594 ut

220 632 256 696 in
276 632 338 696 hac
359 634 452 717 parte
473 630 573 695 multo
595 630 696 695 maior
717 631 760 695 sit
786 652 938 695 numerus
965 652 1074 696 eornm
1101 632 1257 716 locorum,
1284 632 1321 696 in
1348 631 1417 716 qui-

220 732 280 797 bus
300 754 377 797 vera
398 733 559 816 scriptura
583 731 640 796 nni
662 716 805 798 Mediceo
832 732 914 798 libro
937 732 1085 817 debetur,
1113 756 1210 818 quam
1235 733 1271 798 in
1298 733 1415 817 priore.
1496 726 1500 733 ’

222 835 369 900 cautione
391 837 501 899 tamen
522 855 602 918 opus
624 854 692 898 esse
714 834 750 898 in
771 834 854 899 libro
876 856 942 900 non
957 834 1059 898 solum
1076 835 1200 920 vulgari
1214 834 1417 900 librariorum

192 1022 195 1027 .
221 935 431 1022 neglegentia
458 934 513 1000 aed
541 935 639 1000 etiarn
672 935 920 1021 interpolatione
943 935 1111 1021 archetypi
1139 939 1288 1021 corrupto
1316 957 1356 1000 ex
1377 936 1417 1000 iis

221 1059 303 1122 quae
325 1059 422 1122 supra
444 1060 482 1103 ea
509 1038 548 1101 de
575 1059 610 1101 re
632 1037 719 1102 dicta
746 1041 823 1103 sunt
849 1041 993 1123 apparet.
1032 1060 1131 1123 quare
1158 1039 1194 1102 in
1214 1037 1309 1102 huius
1331 1037 1417 1102 modi

221 1140 299 1205 locis
322 1140 389 1205 sola
410 1161 517 1204 rerum
538 1139 663 1204 ratione
691 1143 724 1204 et
745 1140 917 1225 generibus
944 1140 1109 1224 vitiorum,
1139 1139 1253 1225 quibus
1275 1139 1416 1204 codicem

223 1245 408 1327 corruptum
429 1263 497 1307 ease
513 1244 655 1324 constat,
679 1241 883 1307 iudicandum
899 1244 962 1320 est,
987 1242 1063 1325 quid
1077 1264 1116 1307 ex
1132 1241 1312 1327 antiquiore
1325 1240 1417 1305 fonte
1479 1290 1483 1295 .

223 1343 417 1427 derivatum,
449 1344 526 1429 quid
554 1344 663 1427 pravis
699 1343 930 1408 mutationibus
961 1343 1127 1408 inductum
1160 1344 1213 1408 sit.
1250 1343 1416 1427 utriusque

222 1445 352 1531 generis
373 1468 477 1530 pauca
499 1445 644 1529 exempla
666 1466 801 1528 ponam,
826 1466 919 1509 verae
941 1446 1119 1530 scripturae
1139 1444 1234 1525 haec,
1257 1443 1417 1530 p.134‚4

223 1569 261 1612 ne
282 1569 302 1611 u
323 1555 396 1612 meis
417 1553 518 1613 uerbis
546 1553 686 1613 recedam
707 1557 744 1612 Μ
770 1569 808 1611 ne
835 1567 856 1610 u
880 1551 1055 1624 forensibus
1082 1553 1181 1613 uerbis
1202 1552 1343 1611 recedam
1358 1553 1417 1623 Dp

223 1671 284 1732 ra3
308 1648 416 1733 150,5
438 1671 547 1714 uereor
569 1656 669 1714 omniu
691 1655 843 1726 irnuqinor
865 1656 966 1713 omnia
980 1658 1017 1713 Μ
1038 1669 1147 1713 uereor
1168 1656 1270 1714 omniu
1291 1657 1416 1732 Dpra3

226 1752 338 1834 151,1
368 1758 603 1817 reconciliarent
630 1771 668 1816 ac
696 1761 945 1831 recomponcrent
971 1760 1008 1815 Μ
1035 1758 1271 1816 reconciliarent
1297 1770 1416 1829 compo

224 1864 388 1932 nerentquc
409 1861 535 1936 Dpra3
560 1852 630 1934 152,
654 1852 696 1915 22
721 1865 845 1931 pratum
872 1859 1018 1932 estquod
1039 1875 1093 1918 nos
1119 1859 1264 1932 requiris,
1292 1863 1417 1931 qruturn

224 1960 308 2033 qaod
327 1960 374 2019 bis
392 1958 536 2031 fomentis
556 1960 726 2033 adquiescis
739 1963 775 2018 Μ
793 1967 918 2034 qratarn
934 1961 1015 2035 qaod
1035 1961 1081 2020 bis
1092 1959 1236 2032 fomentis
1249 1959 1418 2032 adquiescis

225 2065 349 2140 Dpra3
374 2057 445 2139 tit,
468 2055 511 2120 20
532 2063 637 2134 inqens
659 2063 808 2136 utrimque
834 2062 1013 2134 aduocatio,
1040 2067 1207 2136 praeterea
1237 2061 1331 2119 densa
1358 2061 1416 2118 cir-

225 2164 436 2223 cumstantiam
464 2178 580 2223 corona
601 2167 638 2222 Μ
664 2163 770 2237 inacus
796 2165 945 2237 utrimque
967 2165 1186 2223 aduocatorum
1208 2167 1237 2222 ct
1256 2177 1418 2222 numerosa

228 2266 464 2338 (aduocatorum
493 2267 637 2325 uniuersa
663 2268 697 2340 r)
731 2266 872 2325 subsellia
894 2267 1118 2340 praestantiam
1151 2280 1267 2324 cororw
1294 2266 1417 2336 Dpra:

227 2361 440 2447 interpolatae
463 2361 641 2445 scripturae
663 2360 758 2444 haec,
782 2384 813 2445 p.
825 2361 895 2444 132,
921 2361 959 2426 18
981 2384 1040 2426 non
1058 2369 1129 2442 pati
1149 2367 1288 2426 occidere
1309 2369 1418 2438 Dpra

220 2471 356 2545 posteris
376 2469 501 2528 tradere
521 2471 573 2544 113
598 2462 668 2545 146,
694 2462 733 2527 18
754 2483 870 2527 sarnrna
897 2475 1124 2542 consecuturus,
1154 2470 1182 2528 si
1208 2469 1335 2528 airtatcs
1355 2470 1419 2528 cius

226 2573 439 2632 maturuissent
460 2575 568 2641 Dpra
595 2571 731 2629 maairnu
757 2576 934 2630 consecutus
956 2571 1096 2630 amabam
1125 2571 1251 2629 uirtutes
1271 2572 1336 2629 aas
1356 2585 1418 2628 rna·

228 2675 440 2748 raritatemque
460 2677 511 2750 113
547 2665 662 2747 163,2
694 2673 773 2730 inter
795 2688 868 2746 quos
890 2674 1015 2732 tatutis
1043 2674 1182 2731 extiteris
1203 2675 1313 2744 Dpra
1339 2674 1419 2731 inter

227 2791 300 2850 quos
322 2781 355 2835 ta
378 2776 448 2834 tuiis
469 2774 596 2833 moreris
617 2776 667 2850 Μ,
692 2768 762 2851 168,
787 2770 805 2833 7
835 2773 1000 2833 Bruttiano
1027 2775 1215 2833 iustissimam
1238 2775 1420 2847 inteqritutis

227 2877 424 2937 testimoniam
447 2876 597 2935 redditum
620 2878 727 2946 Dpra
749 2878 912 2934 Bruttiano
921 2874 1093 2951 praemium
1115 2877 1300 2949 inthritatis
1322 2877 1418 2935 iustis-

227 2980 333 3038 sirnurn
355 2979 518 3038 redditum.
557 2971 667 3035 eodem
694 2970 814 3035 referre
840 2993 907 3035 non
935 2971 1079 3036 dubitavi
1105 2972 1281 3037 notabilem
1303 2972 1419 3037 discre-

227 3075 374 3161 pantiam
395 3097 427 3159 p.
454 3074 525 3157 164,
547 3074 567 3138 5
589 3095 658 3159 sqq.

312 3175 459 3261 Denique
487 3175 522 3240 in
551 3175 680 3258 reliquis
701 3175 792 3240 libris
814 3196 887 3240 raro
910 3175 1054 3240 accidere
1080 3175 1188 3260 potuit
1214 3178 1251 3240 ut
1278 3177 1419 3260 ea'quae

229 3279 265 3343 in
292 3278 436 3343 Mediceo
466 3277 572 3342 codice
606 3279 639 3341 et
663 3275 781 3340 Aldina
809 3276 950 3342 editione
979 3280 1129 3362 corrupta
1157 3280 1265 3342 essent
1291 3279 1420 3363 integra

229 3383 409 3463 servarent,
439 3400 573 3464 quorum
602 3379 721 3463 partim
742 3378 828 3443 haud
855 3379 949 3444 dubie
972 3380 1158 3445 coniectura
1177 3380 1310 3444 inventa
1332 3383 1419 3461 sunt,

229 3482 348 3566 partim
376 3482 411 3546 in
439 3480 610 3545 levioribus
637 3480 825 3565 quibusdam
853 3481 941 3545 vitiis
968 3486 1151 3566 versantur,
1184 3485 1221 3546 ut
1246 3505 1277 3567 p.
1304 3483 1378 3566 169,
1400 3482 1421 3545 2

224 3590 396 3664 productus
417 3592 470 3647 Dr
489 3593 654 3663 prouectus
675 3591 781 3659 Mpa:
811 3582 881 3664 182,
904 3583 923 3647 8
947 3591 1087 3649 acoribus
1108 3594 1137 3648 D
1166 3591 1336 3650 acrioribus
1356 3593 1421 3661 up

229 3708 289 3750 ra:
322 3685 386 3749 200
392 3685 445 3767 ,3
476 3692 655 3764 paratisque
685 3689 850 3749 bonoribus
878 3694 960 3762 Dpr
991 3693 1174 3766 spiransque
1200 3691 1365 3752 bonoribus
1385 3694 1422 3749 Μ

228 3795 418 3868 speratisqae
439 3791 603 3852 bonoribus
624 3808 654 3850 a.

315 3888 355 3953 In
376 3891 489 3953 octavo
511 3888 610 3971 libro,
634 3888 669 3952 in
692 3909 754 3971 quo
776 3887 937 3953 Mediceus
960 3890 1057 3954 codex
1081 3892 1113 3954 et
1128 3890 1248 3955 Aldina
1269 3889 1367 3954 editio
1390 3891 1423 3953 et

231 3991 263 4056 in
289 3990 395 4076 aliqua
417 3993 508 4076 parte
529 3990 676 4055 Romana
703 3990 762 4054 soli
789 3992 887 4055 testes
909 3993 1086 4077 scripturae
1109 3990 1212 4056 relicti
1234 3995 1325 4075 sunt,
1355 4012 1423 4056 non

231 4094 337 4159 minus
359 4115 548 4177 suspensum
575 4093 661 4157 inter
687 4091 862 4157 Mediceam
890 4096 923 4158 et
943 4094 1097 4159 Aldinam
1124 4094 1317 4178 scripturam
1343 4091 1424 4157 iudi·

232 4197 316 4261 cium
328 4199 397 4261 est.
435 4218 511 4259 nam
532 4194 679 4259 Romana
701 4195 799 4259 editio
819 4198 949 4279 praeter
969 4195 1153 4260 foedissima
1174 4195 1302 4280 quidem
1324 4194 1423 4259 edito·

232 4298 276 4363 ris
298 4298 377 4362 vitia
399 4319 471 4362 cum
494 4296 637 4362 Mediceo
659 4297 741 4361 libro
769 4296 954 4383 plerumque
983 4298 1186 4363 consentiens
1214 4298 1300 4362 hanc
1322 4296 1424 4362 solam

231 4399 300 4464 fere
321 4398 494 4464 utilitatem
517 4399 630 4482 habet,
653 4401 737 4483 quod
759 4420 797 4463 ea
820 4399 936 4464 collata
959 4400 1075 4465 certius
1098 4401 1136 4465 de
1152 4398 1327 4483 archetypo
1350 4420 1423 4463 con·

233 4503 308 4567 stat.
337 4501 482 4586 quamvis
511 4505 617 4566 autem
645 4501 730 4565 haud
759 4500 853 4565 dubie
880 4501 982 4566 maior
1009 4502 1087 4567 fides
1115 4502 1158 4566 sit
1184 4523 1283 4566 manu
1311 4500 1423 4586 scripti
