3024 5062
205 279 265 343 122
722 293 751 339 o.
776 293 872 339 amm

203 450 237 514 C.
263 449 409 531 Calvum,
440 448 586 510 Asinium
609 447 804 528 Pollionem,
827 446 871 509 M.
896 446 1087 530 Messalam,
1112 447 1149 522 Q.
1174 448 1394 531 Hortensium,

202 554 246 616 M.
271 551 416 633 Brutum,
440 549 476 612 L.
502 549 640 631 Sullam,
664 547 700 622 Q.
725 547 890 630 Catulum,
914 548 951 623 Q.
977 549 1176 633 Scaevolam,
1202 550 1267 615 Ser.
1292 550 1396 634 Sulpi-

203 655 303 736 cium,
332 651 376 714 M.
407 649 603 732 Varronem,
632 650 846 734 Torquatum,
878 651 974 714 immo
1002 651 1195 736 Torquatos,
1233 651 1267 718 O.
1296 652 1395 715 Mem-

201 756 315 837 mium,
349 752 520 816 Lentulum
556 751 774 835 Gaetulicum,
811 753 983 816 Annaeum
1017 751 1189 837 Senecam,
1224 755 1397 818 Annaeum

200 859 366 922 Lucanum
400 859 432 918 et
464 855 606 938 proxime
634 853 826 938 Verginium
853 853 992 934 Rufum,
1022 859 1055 918 et
1082 856 1110 919 si
1137 876 1203 920 non
1231 857 1421 921 sufficiunt⁵

199 958 347 1042 exempla
368 958 510 1041 privata,
534 957 642 1020 divum
664 956 796 1038 lulium,
827 956 934 1020 divum
956 958 1155 1041 Augustum,
1185 958 1292 1022 divum
1314 957 1395 1022 Ner-

171 1061 290 1144 ssvam,
325 1060 488 1124 Tiberium
523 1058 716 1123 Caesarem?
752 1056 915 1122 Neronem
953 1059 1038 1122 enim
1071 1061 1217 1142 transeo,
1251 1062 1395 1143 quamvis

203 1164 301 1227 sciam
329 1184 394 1226 non
424 1161 582 1244 corrumpi
605 1160 638 1223 in
662 1160 799 1223 deterius
829 1181 910 1244 quae
933 1160 1105 1244 aliquando
1128 1162 1225 1225 etiam
1249 1163 1394 1245 amalis,

203 1266 257 1330 sed
279 1265 415 1328 honesta
436 1284 567 1326 manere
590 1284 671 1347 quae
694 1261 821 1345 saepius
844 1285 863 1324 a
886 1262 978 1326 bonis
1001 1263 1098 1346 fiunt,
1130 1265 1218 1327 inter
1244 1286 1330 1348 quos·
1345 1267 1395 1328 vel
1452 1331 1455 1336 ,

202 1367 372 1452 praecipue
407 1365 623 1429 numerandus
658 1367 707 1427 cst
734 1362 770 1427 P.
806 1363 985 1448 Vergilius,
1021 1364 1186 1429 Cornelius
1220 1364 1330 1449 Nepos
1364 1371 1433 1431 et1⁰

202 1470 289 1553 prius
313 1468 429 1532 Accius
452 1467 650 1549 Enniusque.
694 1488 761 1529 non
784 1465 911 1549 quidem
933 1466 966 1529 hi
990 1470 1171 1551 senatoreS,
1200 1468 1256 1532 sed
1278 1469 1396 1533 sancti·
1456 1458 1461 1468 ¹

174 1570 253 1635 ”itas
275 1591 398 1633 morum
421 1590 487 1631 non
509 1567 610 1631 distat
632 1567 808 1630 ordinibus,
846 1569 946 1631 recito
961 1570 1087 1652 tamen,
1111 1570 1196 1652 quod
1217 1569 1264 1633 illi
1288 1593 1329 1633 an
1351 1571 1397 1635 fe-

204 1673 308 1737 cerint
328 1671 448 1735 nescio.
487 1669 599 1733 etiam:
623 1670 678 1733 sed
700 1669 748 1733 illi
763 1669 880 1733 iudicio
904 1691 960 1733 suo
975 1674 1126 1754 poterant
1148 1693 1217 1735 esse
1240 1674 1394 1756 contenti,

202 1775 281 1838 mihi
303 1773 474 1837 modestior
498 1772 679 1835 constantia
702 1775 766 1855 est,
794 1793 889 1855 quam
918 1775 954 1834 ut
981 1772 1059 1836 satis
1083 1774 1264 1838 absolutum
1285 1778 1395 1858 putem

173 1875 285 1961 8quod
307 1899 326 1940 a
347 1898 398 1938 me
420 1874 582 1957 probetur.
626 1873 732 1956 itaque
760 1872 818 1936 has
847 1874 1005 1938 recitandi
1036 1897 1147 1939 causas
1176 1897 1304 1961 sequor,
1332 1877 1395 1960 pri·
1409 1891 1434 1930 15

202 2001 289 2043 mum
318 1978 401 2061 quod
430 1977 498 2058 ipse
527 1976 580 2058 qui
608 1976 724 2038 recitat
752 1975 918 2059 aliquanto
942 1978 1045 2041 acrius
1069 1978 1197 2062 scriptis
1221 1979 1286 2043 suis
1309 1979 1396 2043 audi-

202 2070 315 2145 torum'
329 2078 509 2143 reverentia
531 2077 686 2159 intendit,
716 2077 830 2141 deinde
852 2078 934 2161 quod
958 2080 996 2142 de
1019 2079 1132 2161 quibus
1156 2079 1283 2143 dubitat
1305 2081 1395 2163 quasi

174 2179 241 2247 tlex
265 2181 389 2246 consilii
412 2181 573 2243 sententia
596 2181 721 2243 statuit.
759 2180 861 2243 multa
890 2180 987 2244 etiam
1016 2205 1034 2243 a
1062 2181 1171 2244 multis
1194 2182 1394 2266 admonetur,

203 2285 283 2348 etsi
306 2305 371 2346 non
394 2283 618 2364 admoneatur,
648 2282 723 2364 quid
753 2283 885 2367 quisque
914 2284 1035 2347 sentiat
1061 2284 1216 2368 perspicit
1244 2307 1282 2348 ex
1304 2286 1396 2348 vultu

202 2385 302 2450 oculis
323 2387 404 2448 nutu
426 2406 525 2447 manu
545 2405 706 2447 murmure
728 2383 871 2467 silenti03
894 2407 975 2469 quae
997 2385 1076 2448 satis
1099 2386 1218 2468 apertis
1241 2387 1328 2450 notis
1350 2387 1395 2450 iu-
1408 2400 1434 2439 2⁰

154 2484 194 2548 10
203 2489 320 2552 dicium
343 2487 383 2550 ab
406 2485 606 2550 humanitate
629 2485 823 2550 discernunt.
862 2490 957 2572 atque
972 2488 1067 2570 adeo,
1092 2487 1171 2550 sicui
1186 2487 1270 2551 forte
1287 2510 1395 2552 eorum

203 2591 257 2673 qui
278 2589 495 2653 interfuerunt
523 2608 616 2651 curae
642 2586 740 2650 fuerit
768 2589 878 2653 cadem
912 2588 967 2653 illa
997 2591 1119 2674 legere,
1152 2589 1323 2674 intelleget
1345 2612 1395 2654 mc

203 2692 358 2776 quaedam
381 2693 437 2753 aut
459 2691 670 2753 commutasse
693 2693 750 2753 aut
771 2691 971 2774 praeterisse,
994 2690 1131 2754 fortasse
1155 2692 1252 2754 etiam
1276 2713 1314 2755 ex
1338 2714 1395 2755 suo

154 2791 334 2874 lliudicio,
358 2792 503 2876 quamvis
518 2791 586 2874 ipse
608 2789 689 2854 nihil
713 2791 830 2854 dixerit
852 2791 941 2856 mihi.
973 2795 1068 2876 atque
1091 2793 1171 2856 haec
1193 2793 1239 2857 ita
1255 2794 1393 2878 disputo,

85 2888 87 2893 ’
203 2896 293 2980 quasi
316 2893 468 2977 populum
496 2893 530 2955 in
553 2893 760 2976 auditorium,
791 2891 920 2957 non'in
950 2894 1131 2958 cubiculum
1159 2896 1278 2959 amicos
1302 2897 1433 2960 advo-2⁵

273 3155 284 3200 l
305 3150 453 3215 pollionem
471 3152 578 3212 FDpra
596 3151 732 3221 polionem
752 3154 777 3201 M
860 3153 1052 3214 messallamp
1143 3155 1267 3217 quintum
1286 3155 1394 3203 horon

205 3222 276 3270 sium
293 3221 378 3268 MD·
425 3219 558 3282 hayllam
574 3204 658 3282 Fpra
676 3219 806 3271 sillamD
888 3222 920 3283 Q.
940 3222 1110 3271 Catullumr
1178 3238 1230 3272 ser.
1249 3221 1396 3286 sulpicium
1457 3282 1460 3287 q

203 3290 286 3350 Fpra
304 3288 424 3337 seruium
443 3286 587 3351 sulpicium
605 3290 657 3336 HD
735 3293 750 3339 3
769 3290 805 3337 M.
827 3291 976 3339 Varronem
995 3290 1163 3340 Mommsenus
1180 3305 1324 3340 uarronem
1342 3292 1395 3338 HF

201 3359 286 3419 Dpra
354 3355 519 3403 memiumr
588 3355 653 3405 40.
675 3357 830 3419 Lentulum,
850 3357 1041 3411 Getulicums
1111 3373 1245 3407 annaeum
1264 3374 1393 3408 senecam

202 3425 331 3473 lucanum
349 3422 694 3488 thueun1(Aneumr)
722 3424 853 3474 Senecam
883 3429 911 3473 et
933 3425 1076 3474 Lucanum
1094 3438 1129 3480 ις
1156 3441 1294 3475 annaeum
1317 3441 1395 3476 sene-

203 3508 263 3541 cam
281 3493 371 3553 FDpa
388 3492 529 3540 Annaeum
550 3491 693 3551 Senecam,
712 3493 844 3542 Luceium
863 3492 1019 3543 Coronaens²
1094 3494 1274 3558 bairginium
1292 3507 1328 3555 pr

201 3559 298 3610 ruffum
316 3573 333 3621 p
401 3562 416 3607 6
435 3573 547 3607 neruum
564 3560 592 3606 lt
672 3563 686 3609 7
704 3560 832 3610 tiberium
851 3576 993 3610 caesarem
1011 3563 1065 3610 MD
1083 3562 1125 3610 Ti.
1145 3577 1285 3611 caesarem
1302 3563 1345 3610 ra
1363 3562 1393 3612 Τ.

203 3627 351 3677 Caesarem
369 3639 407 3688 ps
425 3626 517 3675 Titum
536 3626 716 3677 Caesaremr
784 3624 918 3694 Sosiam]
938 3630 1088 3679 scientiar
1140 3630 1289 3693 aliquando
1309 3631 1392 3679 etiam

203 3713 220 3746 a
238 3696 380 3745 maliana
407 3693 554 3757 aliquando
583 3696 666 3745 etima
685 3696 766 3745 malis
783 3698 811 3744 H
838 3689 985 3761 aliquando
1009 3699 1094 3746 etiam
1120 3696 1201 3747 malis
1227 3698 1301 3745 rt
1275 3696 1357 3746 etiam
1377 3714 1393 3746 a

203 3765 283 3813 malis
303 3763 450 3827 aliquando
468 3773 508 3824 ps
527 3763 636 3812 etiam
628 3779 656 3813 m
676 3763 738 3814 aliis
758 3764 908 3828 aliquando
926 3780 940 3813 r
1008 3768 1023 3814 9
1042 3765 1185 3814 honestam
1203 3781 1315 3815 manere
1332 3767 1361 3813 Π

203 3834 367 3881 mansereD
436 3830 609 3883 fiuntom.1)
678 3836 710 3884 10
729 3839 773 3881 est
790 3849 836 3883 om.
855 3845 889 3887 τς
968 3833 1097 3893 1111ρί11111
1115 3834 1177 3895 Fpr
1246 3834 1277 3882 11
1298 3833 1394 3882 accius

202 3902 352 3963 enniusque
372 3901 399 3947 Μ
419 3900 510 3947 actius
528 3901 680 3964 enniusque
698 3903 719 3948 D
740 3903 835 3950 ennius
855 3903 1003 3965 acciusque
1016 3902 1060 3950 ra
1078 3902 1175 3950 ennius
1194 3901 1340 3964 actiusque
1359 3916 1394 3964 pr

270 3970 301 4016 12
328 3983 363 4016 an
382 3970 467 4015 etiam
485 3967 604 4016 fecerint
622 3970 716 4018 nescio
740 3969 820 4017 sedr
846 3984 881 4017 an
908 3969 1027 4018 fecerint
1048 3969 1143 4018 nescio
1166 3969 1213 4018 sed
1238 3981 1276 4023 ςα
1362 3971 1393 4018 13

202 4035 244 4084 illi
262 4035 290 4084 in
309 4035 442 4084 iudicior
512 4037 542 4083 14
562 4034 733 4103 constantia]
754 4036 926 4086 conscientia
946 4038 1123 4088 Carantonus:
1150 4036 1184 4100 cs.
1207 4037 1233 4084 V
1250 4039 1326 4093 12,4

203 4109 245 4153 est
263 4104 351 4154 oran
421 4103 452 4150 16
473 4102 616 4167 aliquanto
634 4104 688 4152 HF
706 4105 850 4154 Coronaeus
868 4120 885 4153 a
905 4104 1052 4169 aliquando
1069 4107 1130 4167 Bpr
1217 4107 1247 4154 17
1267 4119 1391 4155 rcuorcn-
1444 4164 1447 4169 ‚

202 4172 269 4220 tiam
288 4173 354 4232 Hpr
373 4171 491 4250 Riccqrd.
564 4171 594 4220 18
614 4172 752 4221 consilii)
810 4189 826 4221 a
844 4175 931 4226 omn
1001 4176 1032 4223 19
1051 4179 1079 4222 et
1098 4174 1121 4222 si
1140 4187 1193 4221 non
1213 4172 1393 4222 admoneatur

442 4253 469 4286 rc

203 4306 249 4340 om.
267 4292 289 4339 D
358 4291 499 4356 perspcqrit
516 4292 544 4338 lt
562 4289 681 4355 percipit
698 4294 733 4339 D'
805 4293 838 4341 20
856 4296 924 4341 nutu
942 4306 1025 4340 manu
1042 4291 1094 4339 HD
1112 4291 1234 4343 Riccord.
1252 4306 1309 4352 pra
1326 4297 1393 4341 nutu

202 4373 328 4407 manuum
346 4359 367 4405 F
385 4367 454 4408 nutu
472 4373 598 4409 manuum
617 4363 692 4408 motu
710 4359 851 4408 sichardus
936 4362 968 4408 22
988 4375 1070 4408 curae
1089 4360 1175 4408 fuerit
1193 4375 1238 4408 om.
1258 4360 1286 4406 Μ
1353 4359 1392 4407 in-

203 4425 350 4489 tellegitr
418 4431 451 4477 23
470 4434 518 4477 aut
536 4431 715 4476 commutasse
732 4443 779 4476 om.
796 4429 818 4474 D
870 4426 988 4477 fortasse
1008 4431 1036 4476 at
1055 4426 1176 4476 etiamn
1245 4429 1279 4477 24
1296 4441 1392 4490 quam·

202 4491 254 4558 vis]
274 4508 355 4557 quam
372 4497 393 4543 D
479 4500 561 4557 atque
579 4494 647 4543 hacc
669 4495 710 4544 ita
729 4494 838 4559 disputo
857 4496 878 4542 F
896 4496 1017 4545 Rircord.
1036 4510 1052 4543 a
1071 4495 1118 4544 sed
1137 4495 1204 4544 haec
1223 4496 1264 4544 ita
1282 4495 1391 4559 disputo

203 4563 230 4609 Μ
250 4565 331 4625 atque
349 4562 390 4612 ita
410 4563 591 4629 disposition
610 4568 692 4627 atquc
711 4563 752 4613 ita
770 4562 823 4613 hoc
842 4562 950 4628 disputo
967 4577 1003 4625 pr
