3024 5062
238 292 300 339 XVI
730 288 939 338 PRAEFATIO.

230 444 357 507 1111111111
377 443 430 526 47,
452 442 506 525 34,
528 442 567 506 de
590 464 653 527 quo
676 452 771 526 supra
794 443 993 524 dictumest,
1022 444 1137 526 quarto
1160 441 1283 506 decimo
1306 442 1432 507 saeculo

233 544 347 607 tribuit
368 543 548 608 Bandinius
571 543 593 607 1.
618 565 645 607 o.
669 565 702 626 p.
724 543 805 621 421,
835 544 868 607 id
896 542 923 606 si
951 543 998 606 ita
1026 564 1060 606 se
1088 541 1202 626 habet,
1232 565 1298 607 non
1326 547 1434 627 potest
1469 534 1474 542 ⁴

233 645 296 710 nisi
318 645 358 709 de
380 645 560 728 antiquiore
583 644 700 709 codicis
715 647 808 727 parte
822 643 986 728 intellegi,
1009 644 1104 733 idque
1119 644 1224 727 ipsum
1242 645 1433 709 documento

233 750 283 811 est
304 746 442 830 reliquas
471 745 641 831 epistulae,
669 768 751 831 quae
778 746 956 811 recentiore
978 768 1076 810 manu
1099 745 1226 827 additae
1254 749 1341 830 sunt,
1363 749 1433 811 tum

231 849 266 911 in
293 847 389 912 Italia
416 847 559 912 nondum
587 851 682 912 notas
709 848 818 912 fuisse.
856 848 1023 930 nimirum,
1053 850 1090 912 ut
1117 847 1177 913 hoc
1205 869 1293 912 nunc
1321 849 1432 912 statim

231 951 363 1034 addam,
402 950 442 1013 ab
471 953 578 1014 aetate
601 948 725 1014 Sidonii
747 949 962 1034 Apollinaris,
992 950 1046 1034 qui
1069 949 1210 1014 Plinium
1234 953 1267 1014 et
1287 945 1432 1014 imitatus

217 1055 284 1116 ,111
300 1054 332 1116 11
342 1053 470 1136 saepius
484 1050 682 1135 nominavit,
711 1072 810 1135 usque
826 1051 867 1116 ad
881 1073 1001 1116 nonum
1017 1051 1068 1115 vel
1083 1052 1242 1116 decimum
1256 1052 1429 1134 saeculum,

230 1175 292 1238 quo
320 1157 463 1238 tempore
500 1153 713 1238 antiquissimi
748 1153 872 1218 codices
903 1154 1013 1238 scripti
1041 1156 1133 1238 sunt,
1161 1153 1252 1218 nulla
1278 1153 1432 1217 memoria

231 1255 440 1340 epistularum
447 1255 546 1320 Plinii
557 1258 656 1320 extat.
674 1259 770 1339 atque
786 1256 848 1339 ipsi
856 1255 979 1320 codices
995 1255 1181 1340 tumscripti
1191 1256 1430 1319 diulatuerunt.

228 1379 305 1422 nam
327 1358 517 1443 quicumque
539 1358 595 1421 illa
618 1359 723 1421 111111
745 1356 844 1421 Plinii
866 1357 1063 1421 mentionem
1083 1357 1247 1441 fecerunt,
1271 1378 1338 1422 non
1366 1357 1430 1440 ipsi

229 1460 296 1524 eius
330 1459 482 1544 epistulas
515 1459 680 1544 legerunt,
715 1457 770 1522 sed
792 1458 1042 1542 Tertullianum,
1078 1459 1132 1543 qui
1165 1461 1200 1524 in
1229 1458 1429 1543 apologetico

230 1583 257 1624 c.
281 1562 303 1624 2
323 1560 422 1625 Plinii
444 1564 477 1625 et
498 1561 629 1625 Traiani
652 1560 806 1644 epistulas
829 1561 867 1624 de
889 1560 1082 1626 Christianis
1106 1561 1366 1626 commemoravit
1380 1559 1431 1624 rel

230 1661 473 1746 Hieronymum,
503 1663 558 1746 qui
580 1663 670 1726 illum
693 1665 821 1726 secutus
837 1666 907 1726 erat
928 1663 963 1726 in
980 1661 1130 1727 chronico
1153 1663 1298 1746 12124,
1323 1664 1430 1727 111111-

230 1785 281 1828 res
302 1763 494 1829 habuerunt.
533 1763 646 1828 deinde
668 1785 726 1848 per
749 1763 875 1848 aliquod
903 1768 1031 1848 tempus
1058 1786 1125 1828 non
1147 1764 1338 1850 legebantur
1367 1764 1428 1827 nisi

234 1867 362 1929 eentum
385 1865 550 1949 epistulae.
588 1887 693 1949 neque
721 1865 828 1950 plures
856 1864 1006 1929 habuisse
1037 1867 1130 1930 credo
1153 1865 1317 1931 Colucium
1340 1864 1429 1929 Salu-

234 1970 354 2052 tatum,
383 1966 437 2050 qui
465 1968 586 2050 primus
614 1967 701 2031 inter
723 1966 823 2031 Italos
851 1966 948 2031 Plinii
977 1968 1174 2031 mentionem
1200 1967 1280 2030 fecit
1306 1968 1341 2029 in
1364 1967 1428 2048 epi·

232 2069 317 2133 stula
339 2068 380 2131 ad
403 2067 607 2133 Cardinalem
629 2067 823 2132 Patauinum
842 2068 937 2151 data,
970 2090 1051 2152 quae
1073 2069 1108 2132 in
1131 2069 1238 2132 codice
1261 2067 1428 2132 Gaddianc

231 2169 289 2233 XC
312 2191 381 2253 sup.
404 2171 443 2232 41
470 2173 573 2253 extat,
605 2168 655 2232 his
684 2170 807 2252 verbis,
841 2176 984 2235 babemus
1006 2175 1140 2235 Senecae
1168 2176 1326 2248 epistolas:
1358 2190 1429 2233 num

229 2277 304 2351 quid
325 2278 447 2350 ipsemet
474 2277 530 2335 tibi
555 2277 772 2335 1111111111
799 2278 878 2335 sicut
904 2278 980 2335 mibi
1006 2278 1045 2335 de
1071 2280 1144 2335 meis
1172 2278 1304 2336 consiliis
1332 2277 1430 2335 eolle-

227 2380 329 2452 pe'sse?
361 2379 435 2452 quid
465 2377 602 2449 referum
637 2377 768 2437 Plinium
796 2378 1143 2437 Α11111111·81“111111
1176 2380 1224 2437 vel
1255 2378 1430 2436 Euodiem?

228 2480 313 2556 apud
344 2496 419 2554 quos
455 2495 529 2544 suae
566 2481 812 2553 conprepatioais
852 2480 1008 2553 vestipium
1052 2480 1225 2538 nullatenus
1263 2480 1427 2552 reperitur.

229 2581 339 2662 postea
362 2577 446 2642 circa
468 2598 589 2641 annum
613 2576 710 2660 1420,
734 2579 771 2640 ut
792 2576 934 2660 videtur,
965 2579 1037 2640 octo
1067 2575 1224 2639 librorum
1248 2574 1427 2638 1111111111-

155 2668 157 2674 *
229 2685 325 2744 vento
352 2681 399 2745 ita
428 2682 540 2743 auctus
569 2681 618 2741 est
657 2699 808 2741 numerus
838 2677 1066 2762 epistularum,
1100 2680 1137 2740 ut
1170 2699 1227 2760 per
1255 2676 1428 2739 maximam

229 2782 333 2865 quinti
356 2781 470 2845 decimi
493 2779 611 2845 saeculi
633 2782 757 2862 partem
780 2779 820 2843 ab
843 2779 933 2843 Italis
955 2779 1135 2863 legebatur.
1173 2777 1227 2842 sed
1251 2777 1309 2842 sub
1331 2777 1428 2840 finem

230 2884 297 2947 eius
319 2882 438 2946 saeculi
462 2884 494 2944 et
507 2882 602 2944 initio
625 2882 790 2964 sequentis
813 2881 869 2945 alii
891 2882 1010 2965 reperti
1033 2884 1109 2944 sunt
1132 2879 1267 2944 codices.
1291 2901 1427 2963 quorum

229 2983 382 3048 memoria
404 2983 480 3067 quia
502 2983 543 3046 ab
559 2981 653 3045 editis
669 2981 903 3065 exemplaribus
925 2981 1065 3065 petenda
1087 2984 1152 3063 est,
1177 2981 1246 3044 fieri
1269 2984 1429 3064 111111111-

230 3088 280 3149 est
305 3085 383 3169 quin
411 3087 540 3168 praeter
568 3105 605 3147 ea
633 3105 714 3167 quae
742 3083 780 3146 de
802 3084 893 3147 libris
920 3070 1175 3166 manuscriptis
1204 3083 1340 3148 diximus
1363 3085 1427 3147 iam

231 3187 525 3271 antiquissimarum
548 3185 726 3249 editionum
750 3186 892 3249 rationes
915 3185 1124 3268 explicentur.

313 3288 456 3352 Primum
478 3288 579 3372 igitur
602 3310 630 3351 a.
656 3287 736 3351 1471
760 3290 832 3351 octo
855 3287 1065 3372 epistularum
1093 3288 1168 3357 libri
1197 3311 1214 3351 e
1237 3287 1347 3369 codiee
1370 3287 1427 3351 ali-

230 3412 292 3475 quo
315 3390 382 3454 eius
403 3390 531 3474 generis
559 3389 643 3472 quod
664 3391 733 3453 tum
760 3378 856 3473 vulgo
878 3389 1042 3453 ferebatur
1064 3389 1140 3453 editi
1164 3392 1240 3453 sunt
1260 3391 1361 3473 typis,
1391 3391 1428 3451 ut

231 3491 384 3575 ereditur,
414 3491 648 3555 Valdarferi
671 3490 805 3573 Veneti,
836 3511 911 3554 eura
940 3495 1046 3556 autem
1075 3491 1226 3573 Ludoviei
1256 3490 1424 3554 Carbonis.

230 3616 307 3657 nam
329 3594 396 3657 eius
419 3593 594 3676 praemissa
617 3595 667 3683 est
688 3591 825 3675 epistula
847 3592 887 3656 ad
910 3590 1058 3658 Borsium
1086 3594 1198 3657 ducem
1220 3593 1366 3657 Mutinae
1388 3613 1426 3655 ac

230 3695 343 3781 Regii,
383 3696 419 3759 in
453 3716 516 3779 qua
544 3695 598 3758 ille
627 3693 726 3758 Plinii
759 3694 911 3778 epistulas
938 3717 996 3758 sua
1024 3717 1120 3778 opera
1148 3693 1333 3758 emendatas
1361 3716 1427 3758 cor-

229 3787 398 3882 rectusque
432 3820 465 3861 se
497 3797 741 3881 impressoribus
774 3797 899 3861 misisse
933 3796 1092 3861 adfirmat.
1148 3788 1286 3860 codicem
1320 3798 1427 3859 autern

230 3922 324 3984 quem
351 3899 465 3963 habuit
492 3899 531 3963 de
559 3899 732 3983 exemplari
762 3901 891 3962 eentum
919 3888 1128 3982 epistularum
1155 3901 1331 3962 correctum
1357 3901 1426 3960 tam

231 4006 379 4066 accurate
402 4002 575 4085 expressit,
599 4005 635 4065 ut
656 4001 752 4089 libris¹
769 4023 869 4064 manu
891 4001 1019 4084 scriptis
1040 4000 1134 4065 huius
1156 3998 1276 4063 ordinis
1297 4020 1426 4082 prorsus

231 4105 344 4168 similis
372 4104 415 4168 sit
442 4103 549 4167 editio.
587 4096 685 4186 quare
713 4124 784 4191 eam
811 4103 850 4165 ad
878 4103 1089 4167 Dresdensem
1118 4102 1235 4165 librum
1261 4104 1427 4184 tamquam

230 4210 346 4270 testem
368 4205 512 4290 vulgaris
534 4206 712 4289 scripturae
735 4200 909 4289 adsumpsi.
948 4227 1023 4270 usus
1044 4207 1151 4269 autem
1166 4227 1237 4269 sum
1253 4203 1427 4286 exemplari

232 4308 315 4393 quod
338 4309 444 4373 estin
467 4306 661 4371 bibliotheca
684 4307 881 4371 Monacensi.

314 4409 430 4474 Paucis
453 4410 548 4474 annis
574 4412 647 4492 pcst
673 4409 789 4472 iterum
818 4408 922 4473 editae
951 4410 1027 4474 sunt
1048 4410 1147 4473 Plinii
1176 4407 1333 4492 epistulae
1361 4428 1426 4470 non

231 4513 338 4576 addito
371 4512 432 4575 loci
463 4515 496 4575 et
523 4512 601 4575 anni
618 4510 762 4594 indicio3
795 4513 848 4576 sed
871 4513 960 4575 faeta
993 4534 1061 4576 esse
1091 4504 1232 4576 'creditur
1266 4509 1362 4573 editio
1386 4510 1427 4572 ab
