3024 5062
187 270 250 333 302
591 286 620 332 c.
644 286 740 333 emm
763 285 808 332 nr
831 284 976 333 rusiam

117 506 121 514 Κ
186 439 366 523 exemplum
381 439 575 523 pertinenti,
599 439 663 503 dixi
684 440 811 523 utrique
826 439 913 523 parti
927 443 964 502 ut
978 439 1231 523 postulationum
1254 461 1384 502 suarum

186 541 310 606 libellos
333 542 457 605 darent.
488 542 633 606 volebam
656 542 742 605 enim
763 545 797 605 te
818 542 961 625 ipsorum
982 541 1186 624 potissimum
1215 541 1323 605 verbis
1345 563 1384 604 ca

186 665 266 727 quae
295 646 386 707 erant
413 644 578 726 proposita
607 664 808 727 cognoscere.
848 646 880 706 et
907 642 994 708 Dion
1023 643 1151 727 quidem
1177 665 1211 707 se
1233 643 1383 707 daturum

186 744 281 827 dixit,
309 748 342 808 et
367 744 543 828 Eumolpus
571 745 738 828 respondit
760 744 999 829 complexurum
1028 767 1061 809 se
1088 743 1197 809 libello
1225 765 1308 828 quae
1335 744 1382 808 rei

155 846 331 930 6publieae
353 849 492 930 peteret,
524 849 664 911 ceterum
686 847 769 931 quod
792 846 832 911 ad
855 846 998 930 sepultos
1020 845 1213 930 pertineret,
1242 867 1308 910 non
1331 867 1407 910 ac-s

185 952 363 1012 curatorem
392 969 442 1032 se,
472 948 528 1012 sed
561 948 751 1012 advocatum
779 947 871 1012 Flavi
898 946 1073 1032 Archippi,
1106 948 1196 1012 cuius
1228 947 1382 1012 mandata

183 1049 377 1135 pertulisset.
408 1047 607 1133 Archippus,
635 1050 690 1134 qui
716 1049 874 1133 Eumolpo
902 1049 987 1114 sicut
1008 1048 1163 1114 Prusiade
1191 1050 1380 1134 adsistebat,

185 1153 267 1216 dixit
294 1173 327 1215 se
355 1150 499 1216 libellum
527 1151 686 1216 daturum.
724 1152 770 1215 ita
798 1172 858 1215 nec
886 1150 1062 1235 Eumolpus
1089 1172 1150 1215 nec
1184 1151 1380 1236 Archippus,

184 1275 376 1338 quamquam
398 1252 544 1336 plurimis
567 1252 678 1318 diebus
701 1253 892 1337 expectatis,
920 1252 1025 1317 adhuc
1040 1253 1119 1316 mihi
1141 1252 1267 1318 libellos
1289 1253 1382 1318 dede

156 1358 276 1438 irunt,
306 1354 391 1419 Dion
419 1354 522 1439 dedit,
551 1376 645 1440 quem
673 1355 749 1419 huic
772 1355 927 1439 epistulae
949 1355 1049 1421 iunxi.
1079 1355 1148 1439 ipse
1170 1355 1206 1418 in
1228 1377 1263 1420 re
1280 1377 1380 1440 prae·
1394 1380 1416 1418 ιο

185 1457 269 1520 senti
296 1456 343 1519 tui
372 1459 403 1520 et
429 1455 495 1520 vidi
517 1459 607 1521 tuam
635 1478 759 1542 quoque
781 1459 921 1521 statuam
943 1457 978 1521 in
1006 1455 1201 1521 bibliotheca
1228 1459 1379 1543 positam,

184 1559 217 1621 id
240 1560 346 1621 autem
374 1559 494 1643 inquo
517 1559 667 1623 dicuntur
697 1557 814 1644 sepulti
843 1558 928 1623 fflius
956 1562 989 1623 et
1010 1579 1089 1622 uxor
1111 1557 1226 1623 Dionis
1247 1561 1283 1624 in
1306 1581 1381 1624 area

155 1659 391 1742 8collocatum,
418 1681 499 1744 quae
527 1660 704 1744 porticibus
726 1660 911 1726 includitur.
941 1664 989 1744 te,
1013 1661 1154 1744 domine,
1177 1682 1257 1746 rogo
1272 1664 1308 1725 ut
1330 1684 1379 1726 me

183 1763 219 1826 in
241 1763 301 1826 hoc
317 1760 488 1846 praecipue
505 1783 623 1846 genere
640 1761 835 1847 cognitionis
857 1784 968 1848 regere
984 1763 1141 1848 digneris,
1166 1784 1239 1827 cum
1262 1763 1380 1848 alioqui

184 1886 304 1949 magna
327 1865 369 1927 sit
391 1864 570 1948 expectatio
576 1913 586 1948 ,
616 1866 652 1928 ut
673 1885 803 1929 necesse
826 1865 932 1929 estin
954 1887 992 1929 ea
1014 1886 1152 1950 requae
1182 1868 1215 1928 et
1242 1865 1278 1929 in
1307 1887 1414 1929 con-15

184 1966 304 2029 fessum
326 1966 414 2029 venit
437 1969 469 2029 et
491 1966 645 2049 exemplis
667 1965 860 2030 defenditur.

581 2135 744 2205 uxxxn.
776 2134 978 2224 [cxxxvi]

612 2257 796 2310 TRAIANUS
819 2256 946 2308 PLINIO

158 2383 174 2443 l
270 2373 408 2439 Potuisti
430 2396 497 2438 uon
513 2373 656 2456 haerere,
680 2374 725 2438 mi
741 2372 887 2438 Secunde
910 2373 1083 2457 carissime,
1107 2374 1192 2439 circa
1207 2374 1241 2439 id
1264 2377 1379 2460 dequo

183 2498 234 2540 me
247 2475 476 2541 consulendum
491 2476 692 2559 existimasti,
710 2497 782 2540 cum
797 2477 996 2561 propositum
1011 2498 1118 2541 meum
1132 2477 1254 2560 optime
1269 2499 1379 2542 nosses
1390 2502 1412 2541 so

184 2600 250 2642 non
272 2600 311 2642 ex
332 2580 421 2642 metu
442 2599 502 2642 nec
523 2581 644 2642 terrore
666 2577 832 2642 hominum
847 2581 904 2642 aut
927 2578 1114 2643 criminibus
1128 2578 1311 2644 maiestatis
1331 2601 1378 2644 re

154 2680 362 2749 2verentiam
388 2679 511 2743 nomini
543 2701 614 2744 meo
643 2679 818 2763 adquirere.
860 2680 977 2745 omissa
1004 2669 1081 2766 ergo
1113 2701 1150 2744 ea
1178 2681 1376 2764 quaestione,

184 2804 280 2866 quam
302 2804 369 2847 non
391 2781 608 2865 admitterem,
638 2781 736 2845 etiam
759 2781 786 2846 si
808 2783 961 2867 exemplis
984 2783 1203 2866 adiuvaretur,
1226 2782 1311 2846 ratio
1331 2788 1378 2846 to·

184 2884 248 2949 tius
276 2884 380 2968 operis
409 2883 526 2947 effecti
542 2883 599 2947 sub
629 2905 704 2947 eura
736 2880 814 2972 [tua]
846 2883 1014 2950 Cocceiani
1041 2883 1156 2948 Dionis
1185 2883 1376 2966 excutiatur,

185 3007 257 3050 cum
280 2989 313 3049 et
333 2985 456 3049 utilitas
479 2984 752 3070 civitatisexigat
773 3006 834 3049 nec
856 2989 912 3050 aut
933 2976 1058 3050 recuset
1078 2985 1163 3050 Dion
1184 2989 1242 3050 aut
1264 2986 1411 3053 debeata

183 3108 340 3152 recusare.

255 3413 501 3481 lpostulationum
519 3415 542 3462 A
559 3414 799 3480 postulatiotinnm
816 3427 834 3464 a
901 3418 1168 3481 3recognoscerea
1236 3417 1303 3467 Aet
1319 3425 1376 3467 ante

184 3482 335 3548 Eumolpus
353 3500 399 3538 om,
420 3483 578 3533 Calabaeus:
596 3488 624 3534 et
642 3483 843 3548 Eumolpus-
861 3483 1033 3549 pertulisset,
1061 3489 1091 3534 et
1106 3484 1264 3550 Archippus
1282 3486 1375 3536 Arno!-

185 3555 232 3602 dus
250 3551 405 3613 Sobaesercc
417 3553 449 3601 de
467 3553 576 3605 nonnuli.
603 3554 651 3603 loc.
677 3551 727 3602 Cic.
747 3552 814 3604 Plio.
834 3552 924 3606 From.
945 3552 1051 3615 (Oread.
1069 3569 1094 3602 a.
1114 3552 1194 3614 1844)
1211 3568 1240 3616 p.
1260 3555 1276 3601 9
1350 3553 1375 3610 ‚5

185 3620 338 3684 pertineret
356 3619 386 3672 G.
406 3620 441 3672 H.
460 3619 617 3682 Sebaeferua
634 3620 752 3684 pertinet
769 3620 792 3667 A
888 3622 904 3669 6
922 3635 952 3670 se
971 3635 1031 3671 esse
1049 3619 1097 3669 sed
1117 3620 1148 3674 G.
1166 3620 1204 3673 H.
1222 3619 1375 3684 Scbceferus

140 3698 142 3702 '
252 3688 348 3739 Flauii
365 3688 388 3735 A
485 3689 499 3737 7
518 3688 566 3752 qui
583 3686 733 3753 Eumolpus
750 3687 817 3738 sinit
833 3688 962 3753 prusiade
981 3689 1069 3752 Aqui
1087 3687 1222 3753 Eumolpo
1240 3703 1292 3739 suo
1309 3689 1374 3738 Pru·

184 3756 260 3806 siade
279 3756 424 3806 Beroaldus
443 3755 489 3804 cui
507 3755 657 3820 Eumolpus
674 3754 750 3821 prius
770 3756 913 3806 Cataaoeua
932 3756 976 3805 cui
995 3755 1143 3821 Eumolpus
1161 3757 1203 3804 sie
1222 3761 1253 3806 ut
1264 3757 1373 3806 Prusia·

184 3824 270 3874 daea
357 3819 451 3889 sita]
472 3827 502 3873 at
520 3824 652 3873 Arnoldus
670 3825 826 3887 Schaeferus
843 3826 860 3873 l.
879 3840 901 3874 c.
919 3825 1033 3887 sortasse
1050 3824 1161 3874 interim
1248 3827 1373 3890 tiquam·

185 3889 278 3957 quam]
298 3891 419 3956 quamA
487 3892 663 3956 expectatis
737 3894 768 3942 12
787 3890 859 3942 filius
878 3897 906 3941 et
928 3891 1074 3942 Thomuaics
1091 3890 1143 3940 filii
1161 3893 1222 3942 eius
1241 3897 1271 3942 et
1287 3893 1310 3940 A

184 3976 250 4010 area
268 3976 284 4010 a
303 3960 363 4010 alea
380 3961 403 4008 A
472 3961 503 4009 15
521 3974 637 4010 necesse
656 3963 699 4010 est
717 3959 825 4010 Orelltus
841 3975 957 4011 necesse
974 3960 1011 4010 sit
1027 3961 1050 4008 A
1119 3961 1150 4010 16
1174 3975 1226 4010 nec
1245 3958 1372 4025 exemplis

187 4029 352 4079 Mommsenus
421 4026 579 4077 defenditur
596 4027 752 4079 deliberare
770 4043 786 4077 a

252 4165 384 4216 LXXXII
401 4166 433 4214 22
453 4162 600 4229 adquiriA
701 4167 735 4214 24
752 4165 802 4215 sub
822 4168 870 4214 tua
889 4180 956 4214 cura
979 4181 996 4212 a
1015 4163 1172 4214 Cocceiano
1191 4164 1280 4220 Dione
1300 4164 1369 4214 Cotu-

184 4250 263 4285 naeus
281 4234 330 4284 sub
350 4248 413 4284 cura
431 4238 480 4283 tua
492 4231 646 4283 Cocceiano
659 4233 742 4282 Dioni
760 4234 838 4284 editio
851 4231 1008 4283 Basileeusis
1021 4233 1071 4283 sub
1084 4236 1215 4282 curatura
1228 4230 1369 4283 Cocceiani

184 4303 283 4352 Dionis
300 4304 410 4352 coniecit
427 4300 535 4352 Orelliua
603 4302 636 4350 25
654 4300 763 4350 utilitas
781 4300 906 4351 ciuitatis
924 4301 1018 4365 exigat
1035 4314 1051 4348 a
1068 4297 1178 4351 utilitas
1198 4300 1224 4350 ei
1243 4299 1300 4350 litis
1318 4298 1367 4348 eri·

185 4375 234 4436 gat
250 4371 273 4418 A
291 4369 401 4420 utilitas
419 4370 478 4419 eius
498 4369 592 4433 exigat
613 4369 757 4419 Beroaldus
775 4369 883 4419 utilitas
903 4369 968 4434 reip.
986 4367 1016 4417 id
1034 4367 1128 4433 exigat
1148 4368 1291 4420 Coronaeus
