3024 5062
525 241 768 291 annueramus
792 240 832 288 aa.
855 241 896 289 ar.
1248 230 1311 295 363

117 398 186 460 tam
218 395 338 459 bonum
372 396 535 460 consulem
567 418 686 481 posses.
734 418 887 482 magnum
916 400 965 462 est
993 398 1119 463 differre
1147 399 1311 484 honorem,

118 497 254 582 gloriam
276 497 391 562 maius.
434 501 561 583 gestum
590 499 791 563 consulatum
818 498 930 583 mirer,
961 520 1002 564 an
1030 522 1096 565 non
1124 501 1312 586 receptum?

118 601 245 683 gestum
272 621 340 664 non
366 599 403 665 in
428 600 490 665 hoc
517 600 605 665 urbis
627 600 693 665 otio
721 604 752 665 et
773 601 888 665 intimo
910 601 983 665 sinu
1004 602 1111 685 pacis,
1140 602 1195 667 sed
1222 602 1312 666 iuxta

118 700 272 765 barbaras
294 704 424 786 gentes,
449 705 484 767 ut
505 702 552 766 illi
567 702 728 786 solebant,
752 701 868 786 quibus
889 706 959 767 erat
973 704 1070 768 moris
1085 703 1312 789 paludamento

92 806 244 867 omotare
271 806 473 887 praetextam
500 804 693 889 ignotasque
718 807 822 869 terras
844 804 980 869 victoria
1007 806 1105 890 sequi.
1142 804 1311 891 pulchrum

118 905 268 990 imperio,
292 905 467 991 gloriosum
490 906 567 989 tibi,
592 927 665 970 cum
686 908 719 970 te
742 906 820 997 socii
835 910 931 991 alque
947 907 1042 972 amici
1064 929 1122 972 sua
1143 908 1179 972 in
1194 908 1309 992 patria,

118 1008 184 1072 suis
206 1007 240 1071 in
264 1008 390 1072 sedibus
413 1008 571 1073 adierunt.
602 1008 717 1073 decora
738 1008 854 1093 facies,
879 1010 1018 1074 consulis
1034 1009 1135 1074 multa
1155 1013 1230 1095 post
1244 1032 1311 1077 sae·

119 1109 190 1173 cula
211 1109 355 1174 tribunal
381 1110 475 1175 viridi
499 1112 619 1195 cespite
647 1113 826 1176 extructum
854 1133 915 1176 nec
942 1111 1080 1176 fascium
1106 1115 1234 1177 tantum
1256 1114 1312 1178 sed

118 1211 255 1296 pilorum
278 1212 506 1297 signorumque
521 1212 642 1277 honore
658 1212 901 1278 circumdatum.
934 1214 1097 1298 augebant
1111 1214 1311 1280 maiestatem
1355 1236 1358 1241 ·
1391 1235 1393 1239 ’

81 1331 105 1370 10
118 1313 331 1397 praesidentis
353 1314 470 1379 diversi
491 1315 724 1399 postulantium
743 1314 874 1379 habitus
897 1337 935 1380 ac
950 1315 1096 1381 dissonae
1110 1337 1204 1381 voces
1225 1338 1312 1381 rara·

119 1437 180 1500 que
202 1416 272 1481 sine
294 1417 470 1502 interprete
498 1417 609 1482 oratio.
655 1417 863 1502 magnificum
891 1421 940 1483 est
968 1418 1089 1483 civibus
1116 1418 1203 1503 iura,
1236 1419 1311 1503 quid

118 1517 264 1583 hostibus
285 1519 442 1585 reddere?
463 1520 641 1605 speciosum
664 1522 784 1585 certam
812 1519 874 1584 fori
896 1541 1022 1604 pacem,
1051 1521 1127 1605 quid
1154 1521 1311 1586 immanes

120 1642 250 1706 campos
271 1621 350 1687 sella
378 1620 480 1687 curuli
507 1621 700 1705 victorisque
721 1621 858 1706 vestigio
880 1643 1041 1706 premere,
1064 1623 1233 1687 imminere
1254 1623 1312 1687 mi·

118 1723 253 1790 nasibus
274 1724 354 1809 ripis
375 1727 482 1788 tutum
503 1724 724 1809 quietumque,
748 1744 898 1808 spernere
913 1723 1066 1789 barbaros
1087 1724 1236 1789 fremitus
1258 1724 1313 1789 ho-

81 1839 106 1882 15
120 1825 288 1910 stilemque
309 1829 463 1892 terrorem
485 1848 552 1891 non
574 1848 733 1891 armorum
755 1826 861 1911 magis
883 1847 979 1910 quam
1000 1829 1149 1911 togarum
1171 1830 1312 1892 ostenta·

119 1927 207 1993 tione
239 1928 462 2013 compescere?
493 1929 602 2014 itaque
634 1949 700 1992 non
732 1931 765 1993 te
799 1927 882 2012 apud
915 1928 1090 2013 imagines,
1123 1929 1179 1993 sed
1206 1929 1312 2013 ipsum

118 2034 320 2117 praesentem
335 2030 581 2115 audientemque
597 2030 844 2095 consalutabant
864 2031 1100 2116 imperatorem,
1122 2052 1312 2116 nomenque,

120 2133 204 2218 quod
226 2131 280 2198 alii
303 2133 431 2199 domitis
452 2133 609 2216 hostibus,
632 2136 669 2197 tu
692 2133 885 2217 contemptis
906 2132 1081 2221 merebere.

204 2234 295 2300 Haec
327 2234 397 2300 laus
426 2236 490 2301 acti
519 2235 719 2318 consulatum
752 2234 809 2299 illa
838 2234 946 2318 dilati,
981 2233 1064 2318 quod
1093 2233 1196 2299 adhuc
1218 2234 1312 2300 initio
1321 2248 1361 2314 57

79 2355 106 2397 ro
118 2337 335 2423 principatus,
364 2341 400 2403 ut
427 2338 491 2402 iam
521 2340 689 2402 excusatur
716 2337 891 2401 honoribus
918 2339 951 2400 et
978 2335 1122 2420 expletus
1128 2385 1138 2419 ,
1168 2337 1312 2401 consula-

118 2443 189 2505 tum
217 2440 388 2525 recusasti,
425 2461 519 2524 quem
546 2439 621 2504 novi
647 2439 856 2523 imperatores
890 2438 1086 2502 destinatum
1116 2437 1187 2502 aliis
1215 2440 1250 2502 in
1278 2461 1312 2503 se

118 2542 370 2608 transferebant.
401 2542 465 2607 luit
486 2542 583 2606 etiam
600 2542 654 2626 qui
675 2542 710 2606 in
725 2542 926 2625 principatus
949 2541 998 2604 sui
1019 2540 1084 2604 fine
1100 2541 1312 2625 consulatum,

119 2667 214 2730 quem
237 2644 369 2709 dederat
389 2644 474 2728 ipse,
498 2664 617 2728 magna
640 2665 678 2708 ex
700 2646 793 2728 parte
814 2645 879 2708 iam
907 2645 1033 2729 gestum
1057 2644 1259 2726 extorqueret
1280 2646 1313 2707 et

119 2750 259 2831 raperet.
296 2745 358 2811 hoc
380 2766 457 2830 ergo
478 2746 613 2828 honore,
636 2767 731 2830 quem
754 2748 786 2809 ct
807 2745 1000 2829 incipientes
1021 2742 1183 2828 principes
1206 2747 1239 2809 et
1260 2744 1312 2810 de·

79 2872 106 2912 a
117 2849 264 2914 sinentes
287 2849 365 2913 adeo
393 2849 639 2932 concupiscunt,
670 2850 708 2911 ut
734 2847 899 2931 auferant,
928 2849 964 2910 tu
994 2845 1095 2910 otioso
1118 2866 1155 2911 ac
1176 2850 1312 2912 vacante

119 2951 254 3035 privatis
282 2950 415 3016 cessisti.
459 2950 676 3015 invidiosusne
713 2952 782 3014 erat
814 2952 869 3013 aut
897 2949 958 3013 tibi
986 2946 1101 3012 tertius
1129 2948 1312 3013 consulatus

120 3054 178 3117 aut
198 3050 337 3136 principi
358 3051 504 3137 primus?
525 3074 601 3116 nam
624 3051 797 3117 secundum
819 3052 993 3136 imperator
1007 3050 1150 3135 quidem,
1174 3050 1233 3114 sub
1254 3051 1312 3115 im-

119 3157 268 3240 peratore
289 3158 400 3220 tamen
421 3154 523 3239 inisti,
547 3154 690 3238 nihilque
713 3153 866 3239 imputari
888 3154 923 3218 in
945 3174 982 3218 eo
1004 3152 1056 3217 vel
1070 3152 1184 3218 honori
1206 3155 1313 3237 potest

119 3256 172 3323 vel
194 3257 338 3341 exemplo
360 3256 424 3320 nisi
446 3256 642 3341 obsequium.
690 3257 738 3320 ita
765 3276 856 3339 vem,
890 3275 972 3340 quae
1000 3254 1113 3320 civitas
1142 3254 1312 3339 quinquies

77 3386 106 3426 ao
120 3361 217 3443 atque
239 3358 337 3424 etiam
366 3358 468 3423 sexies
491 3359 637 3423 consules
660 3358 757 3442 vidit,
789 3379 855 3422 non
877 3356 949 3421 illos
978 3357 1034 3442 qui
1056 3356 1225 3442 expirante
1247 3357 1312 3421 iam

118 3461 269 3525 libertate
290 3481 348 3544 per
370 3460 435 3525 vim
457 3482 495 3525 ac
516 3459 688 3525 tumultum
712 3458 919 3540 creabantur,
950 3458 1005 3523 sed
1027 3458 1142 3545 quibus
1164 3457 1312 3543 sepositis

120 3565 155 3627 et
177 3562 363 3626 absentibus
385 3562 419 3626 in
442 3584 517 3626 rura
539 3584 597 3626 sua
614 3562 796 3626 consulatus
816 3560 1018 3646 ferebantur,
1041 3561 1077 3627 iu
1098 3561 1160 3625 hac
1182 3560 1312 3626 civitate

118 3663 251 3730 tertium
274 3663 475 3728 consulatum
496 3664 648 3749 princeps
670 3662 798 3749 generis
819 3662 953 3728 humani
974 3666 1011 3728 ut
1032 3684 1243 3749 praegravem
1264 3684 1312 3727 re-

191 3978 332 4040 3gestum
350 3990 405 4024 non
422 3975 467 4023 sd
484 3978 580 4040 gestus
599 3989 654 4025 non
671 3974 734 4030 Βος
824 3973 932 4037 instat
1018 3970 1248 4038 4paludamenlo
1265 3990 1313 4039 po-

120 4045 179 4095 tius
198 4049 302 4094 mutare
322 4043 337 4107 β
355 4043 552 4108 plaudamento
570 4046 676 4092 mutare
695 4056 709 4091 c
778 4044 793 4092 7
812 4041 911 4093 decora
935 4041 1023 4092 facies
1041 4041 1083 4096 Βς
1101 4039 1133 4091 de
1154 4055 1206 4104 quo
1225 4042 1313 4092 facies

119 4113 186 4165 Aoo
255 4114 286 4161 12
304 4108 413 4177 pacem]
433 4117 538 4176 partem
557 4112 662 4174 Lipsius
731 4113 763 4161 13
781 4110 967 4175 uictoriquec
1038 4108 1251 4173 respicens

121 4181 316 4247 quietumque,
337 4180 401 4243 quid
420 4194 549 4244 spernere
569 4190 586 4232 ς
656 4181 686 4230 17
705 4178 975 4232 οοιιιιιίιιιιιὴιιιιιΔς
994 4176 1192 4227 consultabant
1208 4177 1251 4226 Bd
1267 4192 1314 4227 sa·

122 4247 287 4300 latabantc
355 4251 388 4299 20
405 4244 563 4312 excursatus]
583 4246 736 4296 exsatiatus
756 4248 922 4311 Cuspirn'unua
990 4244 1141 4311 expletisb
1209 4248 1242 4294 22
1261 4245 1314 4295 fuit

123 4318 211 4368 etiam
229 4315 349 4367 A‘Bacd
367 4317 421 4367 fuir
440 4315 553 4366 enimA
637 4317 670 4365 25
689 4310 790 4381 otioso]
811 4315 904 4377 ocioss
985 4315 1018 4364 26
1037 4312 1198 4363 consulatus
1216 4328 1262 4366 orn.
1281 4315 1312 4378 Δ,

119 4386 184 4438 add.
204 4398 221 4432 a
288 4387 321 4435 27
340 4399 403 4435 nam
422 4383 571 4434 secundum
590 4384 778 4448 imperatorem
797 4384 905 4448 quidem
925 4397 984 4432 curn
1004 4381 1153 4447 imperator
1171 4381 1280 4430 inistis

118 4457 154 4506 28
173 4457 266 4503 tamen
282 4453 361 4504 inisti
378 4454 399 4502 B
417 4451 528 4503 tenuati
545 4453 590 4503 Ad
675 4455 753 4519 potes
769 4451 809 4502 Bc
894 4454 926 4502 33
943 4465 1126 4519 praegranem
1142 4448 1187 4499 hu
1203 4465 1314 4518 pergra-

116 4537 179 4574 uem
198 4521 260 4578 Bor
