3024 5062
228 268 288 330 126
746 283 776 330 c.
800 284 896 330 rnuu

226 437 336 499 molles
359 431 395 498 et
413 436 502 519 quasi
526 459 625 500 novas
648 437 755 500 alunt:
790 439 906 500 cmrcta
935 435 1020 498 enim
1048 437 1242 519 perennibus
1264 436 1342 500 rivis
1365 459 1424 500 nu-

226 540 378 602 triuntur.
424 539 479 601 sed
507 540 562 602 ubi
593 561 692 622 aquae
720 539 909 621 plurimum,
944 538 1037 620 palus
1066 537 1170 620 nulla,
1206 539 1281 620 quia
1302 539 1423 602 devexa

226 644 329 722 terra,
354 640 505 724 quidquid
527 641 659 723 liquoris
683 640 808 723 accepit
829 661 889 702 nec
912 639 1092 722 absorbuit,
1117 640 1252 703 effundit
1273 641 1308 702 in
1329 640 1422 704 Tibe-

159 743 298 805 '12rim
336 743 457 805 medios
479 742 533 805 ille
556 763 651 825 agros
674 745 777 824 secat,
801 741 931 804 navium
945 742 1073 824 patiens
1081 791 1091 824 ,
1115 762 1288 826 omnesque
1310 742 1423 825 fruges

204 843 354 906 ‘devehit
375 845 410 907 in
432 845 560 925 urbem,
585 843 688 906 hieme
711 843 880 906 dumtaxat
902 845 935 906 εὴ
955 865 1046 926 vere,
1071 845 1193 907 aestate
1209 843 1448 907 summittiturs

227 946 437 1028 immensique
459 945 600 1008 fluminis
628 966 747 1008 nomen
776 945 880 1009 arenti
909 945 998 1007 alveo
1027 943 1162 1026 deserit,
1192 947 1346 1008 autumno
1375 966 1421 1008 re·

177 1048 216 1111 13
226 1048 332 1110 sumit.
371 1069 523 1131 magnam
553 1047 658 1130 capies
685 1046 898 1130 voluptatem,
926 1046 953 1109 si
982 1045 1069 1109 hunc
1097 1046 1239 1130 regionis
1262 1047 1360 1109 situm
1383 1068 1422 1110 ex

225 1152 334 1213 monte
367 1149 578 1232 prospexeris,
623 1170 727 1232 neque
760 1148 846 1211 enim
878 1151 980 1210 terras
1008 1146 1084 1229 tibi,
1119 1147 1174 1210 sed
1205 1147 1342 1210 formam
1365 1148 1422 1211 ali-

225 1274 319 1334 quam
343 1251 382 1313 ad
405 1251 554 1313 eximiam
582 1248 853 1334 pulchritudinem
881 1249 1000 1332 pictam
1022 1249 1180 1311 videberis
1203 1270 1348 1313 cernere:
1383 1272 1421 1313 ea

181 1430 185 1438 Ἰ
224 1353 395 1436 varietate,
421 1376 458 1416 ea
480 1352 709 1435 descriptione,
739 1373 936 1435 quocumque
958 1350 1132 1414 inciderint
1153 1350 1253 1434 oculi,
1277 1352 1421 1416 reficien-
1436 1378 1462 1414 ιο

177 1453 287 1517 141111.
325 1455 402 1517 villa
424 1455 459 1517 in
482 1455 561 1517 colle
583 1454 646 1516 imo
669 1455 732 1516 sita
754 1453 910 1536 prospicit
931 1452 1020 1535 quasi
1043 1473 1081 1515 ex
1105 1473 1243 1516 summo:
1272 1453 1318 1516 ita
1340 1453 1420 1517 leni-

155 1544 159 1553 ’
225 1559 275 1618 ter
297 1539 471 1619 etsensim
495 1555 576 1618 clivo
591 1555 725 1618 fallente
743 1543 922 1638 consurgit,
945 1557 997 1636 ut,
1023 1575 1095 1651 cum
1111 1553 1283 1618 ascendere
1297 1557 1330 1617 te
1352 1576 1420 1618 non

223 1662 333 1740 puteS,
359 1658 477 1721 sentias
501 1656 691 1719 ascendisse.
716 1679 734 1718 a
756 1657 849 1738 tergo
871 1655 1117 1738 Appenninum,
1141 1656 1196 1719 sed
1212 1655 1341 1740 longius
1364 1656 1421 1719 ha-

224 1759 296 1822 bet:
320 1760 439 1842 accipit
462 1759 502 1821 ab
525 1761 585 1821 hoc
608 1780 702 1821 auras
725 1756 901 1840 quamlibet
923 1778 1035 1820 sereno
1059 1760 1091 1819 et
1113 1753 1240 1840 placido
1262 1757 1328 1840 die,
1352 1779 1420 1820 non

224 1864 332 1925 tamen
356 1882 444 1924 acres
468 1864 500 1923 et
521 1860 723 1942 immodicas,
752 1858 808 1921 sed
836 1857 938 1940 spatio
966 1858 1036 1940 ipso
1064 1857 1164 1922 lassas
1195 1861 1227 1921 et
1249 1859 1418 1923 infractae.
1435 1887 1460 1925 15

176 1963 214 2027 15
224 1984 344 2046 magna
373 1962 422 2025 sui
450 1966 542 2045 parte
564 1961 728 2024 meridiem
758 1962 884 2042 spectat
907 1961 1133 2043 aestivumque
1149 1960 1247 2024 solem
1276 1961 1316 2024 ab
1339 1961 1419 2025 hora

225 2067 330 2146 sexta,
362 2063 532 2127 hibernum
562 2062 725 2145 aliquanto
753 2062 911 2124 maturius
940 2061 1030 2144 quasi
1058 2061 1177 2125 invitat
1204 2063 1238 2125 in
1260 2065 1421 2146 porticum

136 2148 139 2154 ¹
222 2167 321 2228 latam
345 2170 377 2229 et
399 2165 624 2249 prominulam.
656 2164 757 2226 multa
779 2163 813 2225 in
842 2162 903 2227 hac
925 2163 1083 2245 membra,
1113 2164 1231 2233 atrium
1258 2165 1356 2228 etiarn
1380 2187 1419 2229 ex
1500 2203 1504 2210 ·

174 2270 211 2332 16
222 2289 309 2331 more
330 2271 484 2331 veterum.
531 2269 606 2330 ante
639 2266 798 2347 porticum
828 2267 939 2348 xystus
972 2264 1006 2326 in
1039 2264 1194 2346 plurimas
1227 2267 1349 2350 species
1373 2268 1419 2331 di·

215 2370 358 2443 stinctus
382 2369 589 2452 concisusque
623 2368 721 2449 buxo,
754 2366 909 2429 demissus
942 2366 1017 2428 inde
1050 2388 1232 2451 pronusque
1253 2369 1416 2455 pulvinus
1432 2397 1459 2435 ao

224 2472 274 2535 cui
297 2471 472 2534 bestiarum
496 2469 620 2552 effigies
641 2468 780 2531 invicem
804 2468 953 2532 adversas
976 2468 1077 2534 buxus
1099 2468 1283 2552 inscripsit:
1322 2476 1418 2537 acan·

174 2575 296 2638 lithus
318 2575 353 2636 in
386 2573 483 2656 plano
517 2572 621 2635 mollis
656 2575 688 2634 et
720 2593 823 2654 paene
855 2570 989 2634 dixerim
1011 2570 1159 2654 liquidus
1205 2571 1308 2635 ambit
1329 2573 1417 2638 hunc

221 2674 396 2738 ambulatio
425 2675 543 2757 pressis
571 2675 719 2756 varieque
747 2673 849 2735 tonsis
879 2672 1033 2735 viridibus
1055 2672 1194 2752 inclusa,
1225 2673 1266 2736 ab
1288 2673 1339 2738 his
1362 2697 1417 2759 ge·

220 2777 317 2840 statio
339 2777 374 2839 in
396 2775 523 2839 modum
548 2775 640 2856 circi,
670 2797 750 2858 quae
773 2775 891 2837 buxum
913 2773 1141 2836 multiformem
1163 2774 1361 2860 humilesque
1384 2784 1417 2843 ct

221 2880 365 2940 retentas
397 2900 494 2940 manu
528 2877 712 2939 arbusculas
752 2876 908 2939 circumit.
953 2876 1060 2938 omnia
1093 2876 1230 2939 maceria
1263 2878 1413 2944 muniun-
1428 2907 1454 2946 25

146 2983 286 3046 ‚18tur:
310 2980 394 3042 hanc
416 2979 552 3062 gradata
575 2980 676 3042 buxus
699 2979 803 3062 operit
825 2982 857 3042 et
886 2977 1065 3041 subtrahit.¹
1102 2981 1229 3060 pratum
1251 2981 1327 3046 inde
1349 3003 1415 3046 non

220 3082 326 3144 minus
350 3083 465 3143 natura
487 3103 582 3164 quam
606 3081 769 3164 superiora
792 3080 847 3142 illa
869 3083 938 3144 arte
960 3079 1143 3143 visendum:
1173 3083 1277 3164 campi
1300 3083 1415 3148 deinde

173 3187 315 3266 l9porro
337 3183 499 3266 multaque
529 3183 592 3245 alia
619 3186 713 3266 prata
743 3186 775 3245 et
797 3183 936 3245 arbusta.
983 3204 1001 3243 a
1025 3182 1128 3264 capite
1150 3185 1291 3265 porticus
1314 3186 1414 3263 tricli-

219 3285 309 3347 nium
343 3285 496 3347 excurrit:
530 3284 629 3347 valvis
663 3288 790 3366 xystum
823 3284 1022 3347 desinentem
1056 3287 1088 3345 et
1115 3284 1261 3366 protinus
1283 3291 1412 3368 pratum

285 3609 759 3671 2sedubiiinasedibipribiF
816 3610 1001 3674 3accipitpr
1049 3611 1204 3659 teberimH
1238 3613 1412 3677 domnisque

216 3680 303 3738 FDpr
354 3679 538 3727 odeseracrr
590 3679 1034 3737 reassumitpsreassummuntr
1112 3680 1343 3742 StespexerisD
1395 3683 1411 3732 9

218 3747 259 3803 ad¹
272 3746 397 3794 eximiam
415 3747 530 3806 Mllpra
548 3751 576 3794 et
595 3746 722 3795 eximiam
741 3746 859 3796 Riccard.
884 3747 1106 3810 eximiamque?
1186 3747 1327 3797 uidebisr
1380 3752 1413 3800 10

217 3815 403 3863 describtione
422 3815 449 3860 Μ
518 3813 677 3862 reficiuntur
694 3827 730 3873 pr
811 3815 839 3861 ll
859 3809 940 3878 uilla]
960 3814 1080 3862 utiliaD
1149 3816 1302 3879 prospicip
1371 3817 1411 3866 le-

217 3883 290 3930 niter
308 3883 451 3931 Beroaldus
470 3881 568 3930 leuiter
585 3882 725 3942 HFDp'ra
811 3884 842 3929 13
860 3882 1053 3930 sententiasl)
1132 3884 1297 3947 appeninum
1315 3886 1343 3931 Η

218 3953 249 3999 14
268 3950 436 4013 quaslibetr
505 3965 601 3999 sereno
621 3953 649 3997 et
668 3954 695 3998 et
712 3947 821 4013 placido
843 3949 870 3995 Μ
958 3952 988 3999 15
1007 3945 1065 4015 sed]
1086 3952 1152 3999 etl)
1238 3952 1411 4022 ipsoomqli

284 4020 316 4067 16
335 4018 432 4066 soleF
513 4020 544 4066 17
565 4015 717 4081 aliquanto]
740 4017 882 4080 aliquodr
968 4019 999 4067 18
1018 4019 1245 4082 prominulamrr
1261 4035 1310 4083 pro
1329 4020 1409 4070 modo

215 4085 325 4149 longam
344 4084 464 4145 FDpra:
480 4085 595 4147 fortasse
613 4101 661 4149 pro
680 4085 758 4134 modo
776 4085 861 4134 villae
880 4084 989 4150 longam
1059 4088 1087 4134 in
1106 4086 1177 4134 haec
1194 4087 1215 4133 F
1234 4087 1262 4134 in
1279 4087 1332 4137 hoc
1351 4102 1365 4142 r

218 4157 248 4204 19
267 4155 295 4201 in
313 4153 445 4217 plurimas
465 4154 574 4217 species
593 4153 740 4202 distinctus
764 4153 946 4216 concisusque
970 4155 1041 4203 buxo
1060 4156 1113 4201 MD
1132 4155 1259 4203 concisus
1278 4157 1306 4203 in
1324 4155 1409 4220 pluri-

216 4237 275 4271 mas
295 4224 403 4285 species
423 4222 623 4284 distinctasque
642 4219 801 4285 (distinctus
819 4221 851 4284 F)
868 4222 939 4271 buxo
957 4223 1042 4282 Fpra
1109 4225 1142 4273 20
1159 4221 1344 4287 puluinnsque
1364 4225 1409 4273 cni

215 4305 228 4337 r
313 4292 344 4338 21
364 4290 483 4340 aduersa
502 4291 529 4336 H
598 4291 630 4338 23
649 4290 777 4338 tunsisF
846 4291 879 4338 24
902 4304 984 4353 quam
1005 4291 1137 4339 buxumr
1188 4290 1359 4356 humilesque
1379 4297 1408 4341 et

214 4373 335 4476 retincti
354 4412 380 4456 n
399 4410 564 4472 humilisque
583 4412 705 4458 retentas
723 4423 737 4456 r
754 4409 924 4473 humilesque
944 4417 971 4459 et
990 4414 1116 4460 retonsas
1134 4412 1206 4474 vrrlpo
1298 4413 1331 4461 25
1350 4426 1407 4460 ma-

138 4497 144 4506 ¹
214 4479 509 4529 teriarmatheriaF
602 4480 634 4527 26
653 4473 783 4542 gradata]
804 4484 916 4541 grator
1018 4494 1071 4527 non
1089 4478 1184 4528 inder
1269 4481 1302 4530 28
1320 4479 1406 4528 multa

215 4562 284 4610 quae
305 4547 360 4595 alia
378 4549 400 4593 D
418 4547 506 4596 multa
525 4548 619 4596 aliaF
705 4563 720 4595 a
739 4563 784 4597 our.
804 4547 825 4593 F
844 4547 963 4596 Riccard.
1038 4548 1172 4610 porticum
1190 4549 1212 4594 D
