3024 5062
231 272 291 335 146
748 284 779 332 o.
803 286 898 332 emm

229 440 460 524 providendum
483 392 532 504 est
552 440 632 503 mihi
653 462 694 502 ne
709 440 848 522 gratiam
871 438 1024 502 novitatis
1046 441 1080 501 et
1100 437 1227 520 florem,
1251 459 1333 520 quae
1355 458 1425 500 ora-

228 541 407 605 tiunculam
430 540 519 605 illam
546 541 596 604 vel
626 541 764 604 maxime
793 541 1013 623 commendat,
1048 539 1204 623 epistulae
1225 538 1424 623 loquacitate

228 665 445 727 praecerpam.
483 643 564 707 vale.

699 812 787 878 xm.
813 811 945 902 [111111]

542 935 572 984 C.
591 935 739 986 PLINIUS
759 935 969 986 SATURNINO
988 935 1107 986 SUOS.
1436 938 1450 977 5

200 1054 214 1114 1
312 1051 408 1116 Varie
429 1073 480 1116 me
503 1051 691 1116 adfecerunt
712 1051 840 1116 litterae
860 1056 947 1117 tuae.
983 1073 1061 1115 nam
1088 1049 1208 1135 partim
1235 1048 1323 1114 laeta
1351 1071 1424 1133 par-

225 1154 286 1218 tim
307 1153 414 1217 tristia
436 1153 662 1218 continebant:
697 1152 797 1236 laeta,
825 1152 908 1236 qnod
941 1156 973 1217 te
1000 1153 1036 1216 in
1063 1153 1142 1216 urbe
1162 1153 1267 1216 teneri
1292 1153 1424 1217 nuntia-

227 1255 322 1338 bant,
345 1255 486 1318 ‘nollem’
509 1255 627 1339 inquis,
651 1254 706 1318 sed
728 1276 788 1339 ego
807 1254 896 1319 volo:
918 1257 1086 1339 praeterea
1113 1255 1198 1338 quod
1211 1255 1422 1319 recitaturum

226 1357 335 1420 statim
363 1360 399 1420 ut
425 1357 584 1421 venissem
612 1356 861 1441 pollicebantur,
894 1379 956 1442 ago
983 1358 1120 1442 gratias,
1149 1357 1233 1442 quod
1260 1361 1421 1442 expector.

198 1458 320 1522 2triste
347 1457 442 1542 illud,
476 1459 560 1542 quod
581 1457 681 1523 Iulius
709 1458 829 1523 Valens
859 1460 1001 1544 graviter
1029 1460 1128 1523 iacet:
1165 1481 1358 1544 quamquam
1381 1480 1422 1522 ne
1436 1481 1460 1519 ro

228 1561 288 1624 hoo
311 1561 438 1645 quidem
459 1561 569 1644 triste,
593 1561 621 1625 si
643 1561 729 1625 illius
744 1561 938 1625 utilitatibus
954 1563 1150 1645 aestimetur,
1175 1562 1264 1626 cuius
1286 1562 1424 1626 interest

197 1664 324 1746 dquam
344 1663 560 1727 maturissime
582 1662 802 1746 inexplicabili
824 1663 935 1728 morbo
956 1663 1097 1728 liberari.
1140 1663 1220 1728 illud
1242 1663 1340 1747 plane
1355 1685 1422 1728 non

225 1765 318 1829 triste
341 1765 442 1828 solum
466 1786 574 1828 verum
597 1765 695 1829 etiam
716 1764 912 1848 luctuosum,
947 1766 1031 1850 quod
1053 1764 1152 1830 lulius
1175 1766 1291 1829 Avitus
1314 1764 1422 1829 deces-

226 1866 284 1949 sit,
309 1866 383 1929 dum
406 1889 445 1930 ex
467 1869 637 1951 quaestura
658 1865 758 1949 redit,
789 1865 926 1931 decessit
954 1868 989 1930 in
1016 1863 1115 1950 nave,
1145 1867 1257 1952 procul
1279 1890 1298 1931 a
1319 1867 1422 1932 fratre

196 1967 464 2052 4amantissimo,
494 1969 604 2052 procul
633 1990 653 2030 a
674 1972 793 2050 matre,
824 1990 842 2031 a
871 1967 1042 2032 sororibus.
1080 1967 1163 2032 nihil
1189 1969 1254 2032 ista
1276 1968 1318 2031 ad
1339 1973 1421 2032 mor'-
1434 1989 1458 2027 15

224 2073 315 2133 tuum
341 2070 521 2154 pertinent,
546 2071 600 2135 aad
621 2070 862 2153 pertinuerunt,
887 2092 959 2133 oum
980 2073 1171 2153 moreretur,
1193 2070 1361 2154 pertinent
1382 2071 1422 2134 ad

226 2171 284 2236 hos
307 2171 361 2254 qui
383 2174 564 2255 supersunt.
603 2171 667 2234 iam
690 2171 773 2256 quod
794 2171 830 2234 in
850 2171 928 2236 flore
949 2172 1053 2255 primo
1067 2176 1180 2237 tantae
1201 2172 1320 2236 indolis
1335 2173 1420 2237 iuve-

225 2273 276 2337 nis
299 2273 458 2337 cxtinctus
488 2275 552 2355 est,
579 2293 703 2335 summa
731 2275 972 2356 consecuturus,
1002 2273 1031 2336 si
1059 2274 1194 2338 virtutes
1223 2275 1290 2338 eius
1317 2276 1421 2338 matu-

196 2374 379 2441 aruissent!
417 2395 478 2458 quo
507 2374 561 2438 ille
590 2374 767 2438 studiorum
795 2396 902 2440 amoro
929 2375 1105 2460 flagrabat!
1143 2378 1299 2460 quantum
1327 2376 1419 2461 legit,

227 2486 383 2561 quantum
406 2477 503 2540 etiam
525 2476 669 2560 scripsit!
693 2498 774 2560 quae
795 2499 883 2542 nuno
905 2478 1013 2541 omnia
1036 2499 1108 2542 cum
1129 2478 1199 2561 ipso
1221 2477 1290 2542 sine
1311 2477 1420 2543 fructu
1433 2498 1456 2537 ao

196 2578 425 2663 dposteritatis
447 2577 607 2642 abierunt.
652 2576 707 2641 sed
729 2577 805 2660 quid
827 2600 887 2663 ego
909 2579 1061 2664 indulgeo
1083 2578 1206 2643 dolori?
1243 2580 1294 2643 cui
1316 2582 1344 2644 si
1358 2581 1420 2644 fre·

226 2702 284 2745 nos
306 2680 469 2762 remittas,
498 2680 588 2744 nulla
614 2680 750 2744 materia
779 2702 846 2744 non
871 2681 1013 2744 maxima
1041 2684 1100 2746 est.
1137 2682 1235 2746 finem
1262 2682 1420 2766 epistulae

225 2782 358 2847 faciam:
386 2785 422 2846 ut
449 2782 556 2846 iacere
577 2783 697 2865 possim
726 2781 823 2846 etiam
851 2783 1005 2867 lacrimis,
1033 2805 1112 2867 quas
1134 2784 1272 2868 epistula
1294 2795 1420 2869 expresss

226 2885 284 2948 siti
314 2883 395 2949 vale.

295 3128 308 3175 1
328 3125 523 3192 prouidendum
540 3139 557 3175 a
573 3125 740 3191 prodendum
757 3127 785 3175 Π
804 3143 821 3176 a
838 3131 867 3176 te
891 3126 1086 3191 prouidendum
1105 3130 1168 3190 Dpr
1190 3127 1263 3193 apud
1282 3135 1310 3181 te
1329 3131 1419 3194 provi-

227 3193 343 3244 dendum
361 3194 505 3244 Coronaeus
600 3195 692 3244 florem
709 3193 786 3243 illum
805 3209 911 3260 quaep
1009 3193 1091 3260 quae]
1111 3197 1199 3261 quel)
1297 3196 1416 3264 ailiam]

226 3277 314 3311 meam
333 3277 349 3310 a
434 3261 605 3312 commendat
622 3264 672 3310 lta
690 3263 880 3312 commendent
897 3264 959 3325 Bpr
1044 3267 1257 3329 3praecerpam
1274 3266 1324 3314 lta
1341 3283 1418 3332 prae·

227 3337 330 3380 teream
346 3331 390 3392 Dp
409 3333 555 3393 praeterea
572 3343 586 3378 r
603 3329 712 3395 perdam
732 3344 749 3386 ς

294 3398 360 3447 XXI
379 3398 473 3447 ‘Hanc
491 3401 623 3462 epistolam
641 3401 764 3461 adfinem
781 3399 841 3449 libri
862 3400 947 3448 reiicit
964 3398 1107 3449 Mediocris.
1127 3401 1201 3449 etiam
1213 3401 1240 3450 ia
1251 3401 1419 3453 Riccardiaar'

226 3467 309 3524 indice
327 3469 411 3517 ultimo
429 3469 483 3516 loco
501 3468 623 3530 ponitur’.
710 3468 725 3514 6
743 3468 844 3532 partim
861 3466 922 3515 lata
939 3480 965 3530 r,
985 3483 1030 3517 om.
1049 3469 1071 3515 D
1145 3470 1159 3517 7
1178 3468 1255 3518 laeta
1271 3475 1417 3534 posteriore

226 3536 281 3584 loco
299 3547 376 3585 orer
444 3533 585 3584 8mollem
603 3535 649 3582 Hs
716 3531 871 3599 praeterea]
913 3541 1024 3598 opterea
1043 3536 1187 3586 Calanaeua
1256 3534 1341 3605 quod]
1361 3541 1417 3603 qui-

226 3600 319 3651 demr
389 3599 536 3667 101ultus]
558 3602 654 3652 siluius
673 3603 700 3649 Μ
770 3551 910 3667 111111ηεῖ
933 3602 1053 3665 Iuliusp
1112 3605 1190 3654 onius
1209 3605 1416 3669 intersertam,

226 3685 272 3719 om.
291 3672 352 3732 Dpr
438 3672 469 3721 13
489 3670 579 3720 auitus
598 3669 716 3720 decessit
734 3670 855 3720 decessit
872 3671 935 3719 dum
952 3672 989 3735 lt,
1007 3673 1056 3720 sed
1071 3671 1193 3721 decessit
1209 3675 1301 3737 priore
1320 3678 1375 3726 loco
1392 3677 1417 3724 ia

222 3740 274 3799 fine
291 3741 401 3803 papiana
418 3740 515 3802 scripto
534 3745 559 3788 et
577 3740 659 3789 deleto
730 3741 761 3787 14
779 3739 900 3789 decessit
918 3740 1057 3789 antemio
1075 3740 1141 3789 naui
1158 3755 1175 3788 a
1252 3743 1282 3790 in
1300 3757 1373 3793 naue
1390 3744 1418 3790 lt

225 3807 254 3855 in
280 3805 355 3856 nauti
374 3807 396 3853 B
414 3808 444 3855 in
461 3821 560 3856 nauem
577 3820 593 3868 p
612 3808 640 3855 in
658 3808 724 3856 naui
742 3819 779 3861 τς
860 3808 890 3856 17
903 3807 958 3855 iam
981 3807 1052 3870 quod
1069 3809 1166 3871 11qu
1183 3809 1240 3859 iam
1258 3811 1368 3874 quidem
1385 3825 1418 3859 ra

294 3874 326 3922 18
345 3879 387 3925 est
404 3890 450 3924 om.
467 3886 504 3928 τς
607 3890 710 3924 suntme
727 3901 759 3909 —-
779 3876 978 3924 maturuissent
1003 3876 1085 3935 Bpra
1111 3878 1232 3926 maxima
1254 3883 1424 3932 consecutus.

227 3942 351 3992 amabam
370 3942 488 3992 uirtutes
506 3942 564 3991 cius
582 3945 824 4007 maturitatemque
843 3943 870 3989 Μ
957 3944 988 3993 19
1001 3939 1065 4009 quo]
1087 3944 1159 4008 quod
1176 3947 1219 4008 Dp
1288 3946 1417 4012 flagrabit

225 4010 252 4056 Μ
320 4011 350 4059 21
371 4010 498 4060 abierunt
516 4012 564 4058 Ha
582 4008 708 4059 adierunt
724 4013 746 4059 D
766 4017 897 4060 aruerunt
913 4025 948 4073 pr
965 4018 991 4060 et
1014 4013 1194 4062 ‘membranae’
1213 4014 1299 4064 Modii
1315 4021 1415 4066 novant.

225 4080 282 4131 leot.
302 4080 352 4127 122
373 4079 444 4128 Grai.
464 4081 537 4142 lamp.
560 4077 586 4126 V
600 4094 627 4142 p.
647 4080 699 4128 312
768 4075 823 4143 cui]
845 4080 892 4144 qui
909 4080 950 4126 Dr
1017 4081 1050 4129 23
1069 4083 1205 4144 expressit
1223 4083 1417 4147 epistolaDpr

721 4334 918 4342 ——--.—-
