3024 5062
223 263 285 327 386
747 281 777 327 c.
801 280 896 326 111111

171 439 212 507 83
225 432 435 516 supplerent?
457 431 556 496 habet
569 432 631 496 hoc
645 434 783 516 primurn
798 455 918 518 magna
933 434 1073 518 fortuna,
1090 435 1174 519 quod
1189 433 1271 498 nihil
1286 437 1419 520 tectum,

220 535 303 599 nihil
331 535 490 599 occultum
518 557 587 599 esse
615 535 753 619 patitur:
786 536 968 619 principum
997 557 1071 600 vero
1099 557 1166 600 non
1194 537 1288 602 modo
1310 537 1421 603 domos

221 638 276 702 sed
300 637 445 701 cubicula
467 637 537 720 ipsa
558 636 750 721 intimosque
779 657 922 702 secessus
949 637 1085 702 recludit
1107 639 1276 723 omniaque
1300 661 1421 704 arcana

220 739 381 803 noscenda
402 739 509 802 famae
532 739 685 822 proponit
706 741 802 823 atque
826 738 975 823 explicat.
1006 740 1061 804 sed
1084 739 1159 823 tibi,
1184 739 1313 824 Caesar,
1336 740 1421 805 nihil

220 841 489 906 accommodatius
517 842 617 906 fuerit
649 841 690 905 ad
717 841 853 924 gloriam
892 863 987 925 quarn
1021 842 1151 926 penitus
1178 842 1305 934 inspici.
1344 846 1446 908 sunto

214 943 347 1027 quidem
370 943 536 1027 praeclara
558 965 639 1028 quae
662 943 697 1007 in
718 943 881 1027 publicum
904 941 1044 1028 profers,
1068 944 1211 1008 sednon
1233 944 1360 1009 minora
1383 967 1420 1011 ea

219 1065 300 1128 quae
323 1045 433 1109 limine
455 1049 566 1110 tenes:
597 1047 645 1109 est
667 1044 875 1130 magnificum
896 1046 979 1129 quod
1001 1048 1034 1109 11
1050 1045 1091 1110 ab
1113 1046 1202 1111 omni
1225 1047 1420 1133 contagione

217 1145 367 1210 vitiorum
401 1148 548 1231 reprimis
563 1173 567 1186 ¹
582 1168 620 1212 ac
653 1168 799 1230 revocas,
834 1146 888 1211 sed
920 1147 1184 1232 magnificentius
1217 1149 1302 1233 quod
1333 1152 1417 1215 tuos.

218 1251 338 1333 quanto
361 1248 446 1313 enim
469 1249 573 1334 magis
596 1249 728 1313 arduum
757 1253 806 1314 111
828 1249 908 1313 11111
935 1252 1100 1333 praestare
1121 1271 1217 1334 quarn
1244 1272 1296 1335 se,
1325 1254 1419 1316 tanto

216 1349 407 1414 laudabilius
430 1351 529 1435 quod,
561 1351 723 1437 cumipse
746 1351 789 1415 sis
811 1351 968 1436 optimus,
999 1372 1110 1416 omnes
1134 1352 1219 1416 circa
1233 1355 1273 1416 11
1296 1352 1451 1418 1111111111

216 1453 263 1515 tui
296 1451 439 1516 effecisti.
487 1453 596 1518 multis
628 1452 818 1518 inlustribus
852 1453 999 1517 dedecori
1027 1453 1091 1518 fuit
1119 1456 1174 1517 aut
1200 1454 1417 1520 inconsultius

216 1577 295 1618 uxor
318 1555 487 1638 adsumpta
510 1559 565 1619 aut
587 1558 715 1620 retenta
736 1556 930 1639 patientius:
953 1555 999 1619 ita
1021 1555 1099 1619 foris
1116 1555 1217 1620 claros
1241 1556 1416 1623 domestica

215 1656 401 1720 destruebat
422 1657 571 1741 infamia,
604 1661 636 1721 et
664 1680 704 1721 nc
726 1657 858 1721 maximi
882 1658 965 1722 cives
993 1657 1188 1722 haberentur
1210 1656 1272 1722 hoc
1295 1659 1414 1724 efficie-

215 1757 286 1840 bat,
309 1758 393 1841 quod
416 1759 524 1822 mariti
547 1760 687 1823 minores
710 1761 813 1823 crant.
851 1759 912 1823 tibi
939 1781 1018 1824 uxor
1046 1759 1080 1822 in
1104 1759 1199 1823 decus
1221 1763 1255 1823 11
1276 1761 1415 1845 gloriam

215 1858 308 1924 cedit.
345 1860 421 1944 quid
445 1862 530 1924 enirn
553 1861 608 1925 illa
631 1860 799 1925 sanctius?
822 1860 897 1944 quid
920 1860 1107 1945 antiquius?
1134 1883 1259 1945 nonne,
1284 1862 1312 1926 si
1334 1880 1448 1946 pon-1⁵

212 1960 291 2024 tilici
312 1963 449 2026 maximo
474 1963 622 2048 eligenda
651 1963 693 2027 sit
728 1963 859 2046 coniux,
893 1967 950 2027 aut
986 1962 1070 2027 hanc
1099 1966 1155 2027 aut
1181 1964 1320 2028 similem
1344 1965 1412 2051 (ubi

213 2066 262 2126 111
284 2067 391 2128 autern
413 2064 564 2149 1111111111)
588 2063 746 2150 elegerit?
768 2087 863 2149 quarn
886 2064 942 2128 illa
964 2063 1047 2128 nihil
1062 2064 1123 2129 sibi
1146 2088 1184 2129 ex
1205 2065 1341 2130 fortuna
1355 2070 1411 2131 tua

212 2164 275 2227 nisi
297 2165 451 2249 gaudium
478 2166 637 2231 vindicat!
672 2188 766 2252 quarn
796 2168 984 2230 constanter
1011 2187 1076 2228 non
1104 2167 1286 2249 potentiam
1309 2171 1407 2252 tuam,

212 2266 266 2329 sed
289 2265 394 2350 ipsum
416 2271 448 2332 11
471 2269 648 2332 reveretur!
672 2268 756 2332 idem
779 2268 855 2332 estis
871 2267 1009 2332 invicem
1032 2268 1115 2351 quod
1136 2266 1256 2352 fuistis,
1281 2271 1409 2353 probati

211 2389 250 2431 ex
273 2390 372 2453 aequo
380 2419 388 2452 ‚
417 2370 560 2455 nihilque
589 2370 678 2435 vobis
706 2369 845 2435 felicitas
869 2369 1007 2452 addidit,
1038 2369 1100 2432 nisi
1129 2370 1213 2453 quod
1236 2372 1319 2436 scire
1342 2391 1440 2437 coe-a

209 2470 320 2555 pistis,
354 2493 450 2555 quam
484 2472 565 2536 bene
598 2474 729 2557 uterque
761 2474 902 2536 vestrum
937 2470 1126 2550 felicitatem
1155 2470 1249 2537 ferat.
1298 2475 1406 2540 eadem

209 2593 305 2656 quam
326 2574 451 2639 modica
474 2574 576 2638 cultu!
600 2596 696 2659 quarn
718 2596 817 2659 parca
834 2574 1003 2638 comitatu!
1028 2595 1123 2656 quam
1147 2574 1250 2648 civilis
1264 2575 1404 2641 incessu!

208 2674 316 2737 mariti
338 2674 398 2740 hoc
421 2697 515 2759 opus,
539 2676 593 2760 qui
615 2677 662 2741 ita
677 2676 791 2740 imbuit
798 2727 807 2760 ‚
831 2676 878 2740 ita
892 2676 1049 2740 instituit:
1072 2698 1149 2739 narn
1171 2677 1265 2749 uxori
1287 2678 1406 2743 sufficit

209 2776 351 2861 obsequii
374 2777 487 2862 gloria.
532 2801 594 2862 an,
631 2801 702 2843 curn
726 2779 832 2843 videat
858 2800 954 2863 quam
976 2781 1009 2842 te
1031 2777 1139 2842 nullus
1161 2781 1283 2864 terror,
1316 2781 1404 2845 nulla

209 2878 378 2943 comitetur
400 2880 547 2964 ambitio,
577 2903 643 2945 non
667 2881 790 2965 etipsa
814 2903 885 2944 curn
908 2880 1036 2944 silentio
1065 2879 1195 2945 incedat
1221 2883 1433 2968 ingrediens

208 2982 335 3064 temque
355 2981 489 3064 pedibus
517 2983 683 3064 maritum,
714 2984 748 3046 in
777 2986 935 3068 quantum
956 2982 1080 3068 patitur
1102 3005 1209 3066 sexus,
1237 2984 1401 3050 imitetur?

207 3081 349 3146 decuerit
370 3084 430 3148 hoc
452 3085 556 3168 illam,
582 3086 708 3149 etiamsi
730 3085 855 3149 diversa
877 3087 913 3149 tu
934 3085 1047 3149 facias.
1079 3084 1219 3149 subhac
1242 3109 1317 3150 vero
1339 3109 1400 3151 mo-

206 3183 308 3246 destia
329 3185 390 3248 viri
405 3189 558 3269 quantam
581 3188 675 3251 debet
690 3188 914 3251 verecundiam
931 3210 1009 3251 uxor
1029 3188 1162 3271 marito,
1187 3187 1311 3252 femina
1325 3188 1397 3253 sibi!

96 3286 105 3299 ’
155 3284 293 3349 8411111
313 3291 421 3351 autem
443 3291 499 3353 tua
521 3292 558 3352 ut
580 3311 613 3354 11
635 3312 775 3354 sororem
791 3311 859 3354 esse
879 3291 1041 3355 meminit!
1065 3292 1102 3354 ut
1123 3280 1158 3354 in
1179 3289 1236 3353 illa
1257 3294 1314 3354 tua
1330 3291 1398 3354 sim·

169 3375 171 3379 ’
203 3387 347 3472 11111111,
377 3392 433 3455 111
461 3391 594 3475 veritas,
628 3395 701 3455 tuus
731 3391 850 3455 candor
878 3393 1079 3477 agnoscitur!
1113 3396 1164 3476 ut,
1201 3393 1303 3476 siquis
1332 3413 1427 3456 cama

203 3490 293 3554 uxori
320 3494 395 3555 tuae
424 3493 582 3576 conferat,
617 3494 764 3558 dubitare
792 3497 942 3578 cogatur,
973 3499 1080 3559 utrurn
1109 3494 1151 3557 sit
1173 3494 1338 3558 efficacius
1360 3494 1396 3558 111

202 3596 288 3656 11111
316 3593 486 3658 vivendum
516 3594 596 3659 bene
618 3595 746 3659 institui
774 3618 817 3658 an
837 3595 977 3660 feliciter
998 3596 1099 3660 nasci.
1143 3595 1226 3660 nihil
1257 3600 1306 3661 est
1334 3601 1395 3661 tam

200 3716 336 3778 pronum
364 3695 403 3759 ad
426 3695 603 3760 simultates
626 3717 721 3780 quam
750 3697 937 3775 aemulatio,
970 3700 1005 3762 in
1034 3698 1165 3762 feminis
1192 3699 1394 3781 praesertim:

200 3818 237 3859 11
259 3819 354 3880 porro
377 3797 521 3860 nascitur
543 3820 581 3862 ex
603 3800 845 3882 coniunctione,
870 3799 966 3864 alitur
988 3799 1196 3884 aequalitate,
1222 3799 1395 3866 exardescit

198 3897 334 3983 invidia,
364 3900 452 3964 cuius
479 3900 553 3964 finis
576 3901 762 3964 estodium.
801 3923 863 3985 quo
890 3901 1017 3986 quidem
1046 3901 1269 3966 admirabilius
1293 3902 1422 3967 existi-a

266 4143 279 4188 1
299 4138 427 4208 primum]
449 4143 587 4207 proprium
607 4143 789 4192 Bitterchusius
859 4146 873 4192 2
893 4143 986 4194 domos
1004 4158 1018 4192 1
1036 4144 1131 4194 domus
1149 4144 1200 4194 AB
1220 4144 1329 4196 domum
1346 4146 1362 4194 11

197 4211 212 4256 3
232 4209 337 4258 cubilia
354 4211 371 4257 d
388 4213 444 4260 cod.
464 4213 569 4261 Medici.
640 4227 766 4261 secessus
783 4212 831 4260 ΑΒ
855 4227 952 4262 sensus
969 4212 1006 4261 cd
1023 4227 1149 4263 recessus
1168 4215 1330 4264 Arntzenius

196 4279 227 4326 13
247 4275 418 4342 destruebat]
439 4279 607 4329 disturbauit
624 4280 658 4328 111
745 4280 776 4327 16
796 4285 844 4328 ant
861 4277 943 4343 hanc]
964 4296 999 4329 an
1018 4281 1131 4331 harich
1234 4284 1266 4332 19
1286 4280 1389 4347 probati

195 4345 345 4394 Perizonius
364 4353 390 4395 et
407 4345 565 4397 Sctworzius
584 4348 708 4410 probatis
725 4347 787 4395 neu
806 4348 979 4411 probastish
997 4349 1068 4399 idem
1087 4349 1215 4414 probatis
1236 4351 1361 4416 Gieripius

194 4414 227 4460 32
247 4428 281 4461 an
300 4412 423 4462 feliciter
440 4417 462 4462 Δ
481 4422 528 4464 aut
546 4416 667 4464 feliciter
683 4415 768 4464 111111
838 4420 893 4464 tam
913 4416 947 4465 ad
966 4433 1078 4480 pronum
1098 4417 1132 4466 111
1151 4418 1345 4469 simultatesb

194 4481 226 4528 34
245 4496 279 4530 ea
297 4497 377 4545 porro
397 4487 511 4533 maxime
531 4485 656 4532 nascitur
673 4484 716 4538 Βς
820 4483 976 4534 exardescit
995 4498 1011 4538 ς
1029 4491 1056 4534 11
1074 4483 1201 4551 ardescit
1218 4481 1312 4536 'enoc

193 4549 226 4598 35
245 4549 456 4600 existimandum
473 4551 596 4600 A²Bacd
614 4550 794 4601 estimandum
813 4552 835 4600 Δ
