3024 5062
511 248 752 299 raunarrucus
775 247 816 296 64.
838 248 879 298 66.
901 250 942 298 66.
1266 241 1326 306 371

136 420 224 465 nunc
245 400 383 485 primum
415 401 501 467 diseo
512 452 521 486 ,
551 425 618 468 non
647 407 696 468 666
723 405 873 491 princeps
903 428 999 491 super
1024 407 1128 493 leges,
1158 411 1214 476 sed
1241 411 1329 497 leges

136 524 231 586 super
263 503 458 589 principem,
493 505 639 590 idemque
666 506 796 572 Caesari
839 507 962 573 consuli
995 510 1076 594 quod
1119 513 1233 578 ceteris
1262 535 1328 579 non

135 605 222 670 licet.
266 605 351 670 iurat
385 607 421 671 66
449 607 538 693 leges
568 610 806 674 attendentibus
833 611 882 675 dis
909 610 998 697 (nam
1022 613 1072 678 cui
1101 615 1204 700 magis
1234 637 1330 700 quarn

136 706 266 773 Caesari
288 709 507 796 attendenti),
531 710 617 774 66666
639 712 883 777 observantibus
912 713 951 778 iis
979 715 1093 798 quibus
1116 716 1200 782 idem
1223 718 1329 784 iuran-

110 810 210 874 66666
233 813 296 895 666,
325 832 391 875 666
419 811 552 896 ignarus
580 813 698 898 alioqui
721 815 843 879 nemini
870 815 1050 901 religiosius
1072 819 1155 902 quod
1176 819 1331 887 iuraverit

135 913 392 997 custodiendum,
415 935 511 998 quam
534 915 622 979 cuius
644 916 781 981 maxime
796 917 933 981 interest
954 940 1020 984 non
1045 919 1190 1004 peierari.
1221 923 1329 1009 itaque

135 1018 169 1080 66
190 1015 335 1080 66666666
347 1016 514 1080 consulatu
528 1017 641 1081 iurasti
657 1021 690 1082 66
701 1017 783 1082 nihil
795 1023 908 1084 contra
922 1019 1011 1105 leges
1026 1021 1151 1088 fecisse.
1175 1046 1329 1110 magnum

134 1118 302 1202 hocerat,
333 1140 405 1183 cum
432 1120 651 1203 promitterem
679 1121 799 1205 maius,
828 1124 998 1206 postquam
1024 1125 1226 1207 praestitisti.
1264 1129 1329 1193 iarn

134 1221 254 1286 totiens
275 1222 446 1306 procedere
467 1223 503 1286 in
525 1225 644 1306 rostra,
674 1223 878 1288 inassensum
900 1223 991 1290 illurn
1019 1229 1187 1312 superbiae
1208 1230 1328 1314 princi-

96 1342 121 1378 10
134 1345 211 1407 pum
232 1322 338 1388 locum
359 1327 477 1408 terere,
502 1324 555 1389 hic
577 1325 752 1410 suscipere,
776 1326 830 1391 hic
851 1347 971 1410 ponere
993 1330 1212 1416 magistratus,
1233 1355 1328 1418 quarn

134 1426 268 1510 dignum
290 1429 322 1490 66
345 1447 502 1511 quamque
524 1427 683 1491 diversum
706 1429 937 1493 consuetudine
958 1429 1085 1497 illorum
1108 1436 1162 1518 qui
1184 1436 1328 1519 pauculis

134 1528 245 1592 diebus
273 1532 400 1612 gestum
429 1530 645 1614 consulatum,
681 1531 777 1595 immo
805 1553 871 1595 non
899 1535 1026 1617 gestum
1059 1535 1242 1603 abiciebant
1270 1561 1329 1623 per

134 1630 291 1695 edictum!
320 1631 379 1696 hoc
401 1652 458 1715 pro
482 1632 648 1716 contione,
676 1634 888 1718 prorostris,
917 1656 975 1719 pro
996 1635 1065 1701 6666
1087 1637 1239 1724 iurand03
1268 1642 1327 1706 sci·

134 1733 210 1797 licet
230 1737 267 1798 66
288 1733 401 1818 primis
429 1736 572 1798 extrema
600 1737 830 1820 congruerent,
859 1739 957 1820 utque
983 1737 1044 1803 hoc
1072 1739 1139 1805 solo
1160 1741 1327 1828 intellege-

95 1851 121 1895 6
134 1838 245 1901 rentur
266 1837 328 1921 ipsi
353 1836 498 1901 consules
520 1836 636 1921 fuisse,
660 1839 743 1922 quod
766 1838 821 1902 6166
844 1859 909 1902 666
931 1838 1079 1906 fuissent.

218 1936 294 2003 Non
308 1939 475 2023 transilui,
498 1942 607 2024 patres
623 1940 807 2024 conscripti,
830 1941 987 2026 principis
1001 1947 1101 2008 nostri
1115 1947 1325 2034 consulatum,
1336 1948 1378 2012 66

133 2039 189 2104 sed
212 2042 347 2106 eundem
375 2042 410 2105 in
439 2041 543 2107 locum
573 2042 693 2107 contuli
721 2042 873 2127 quidquid
900 2042 940 2107 de
967 2043 1036 2109 iure
1063 2046 1197 2113 iurando
1219 2052 1326 2116 dicen-

133 2142 209 2207 dum
231 2145 311 2209 6666.
349 2165 453 2228 neque
476 2144 576 2227 enirn,
600 2146 635 2208 66
655 2145 691 2208 66
713 2143 815 2208 sterili
837 2145 1007 2229 ieiunaque
1021 2150 1167 2235 materia,
1192 2154 1326 2219 eandem

133 2248 272 2331 speciem
303 2245 407 2312 laudis
436 2246 584 2310 diducere
612 2267 650 2310 ac
678 2267 831 2331 spargere
859 2248 954 2330 atque
982 2247 1158 2316 identidem
1186 2257 1325 2321 tractare

93 2361 119 2401 2⁰
134 2350 294 2416 debemus.
330 2349 493 2414 inluxerat
520 2348 642 2433 primus
671 2347 854 2413 consulatus
876 2347 924 2412 tui
946 2349 1028 2434 dies,
1056 2373 1118 2436 quo
1146 2358 1181 2419 66
1204 2358 1326 2422 curiam

131 2453 297 2540 ingressus
320 2473 407 2518 nunc
429 2451 590 2537 singulos,
614 2472 701 2516 nunc
722 2451 886 2516 universos
908 2451 1096 2518 adhortatus
1118 2478 1151 2521 es
1166 2479 1326 2525 resumere

132 2556 331 2640 libertatem,
362 2575 528 2640 capessere
550 2554 641 2639 quasi
670 2553 846 2618 communis
868 2554 996 2638 imperii
1018 2576 1126 2641 curas,
1155 2559 1325 2647 invigilare

132 2657 270 2742 publicis
291 2657 485 2723 utilitatibus
508 2660 541 2721 et
561 2656 739 2741 insurgere.
778 2676 888 2719 omnes
911 2657 987 2720 ante
1008 2658 1041 2721 te
1064 2659 1173 2724 eadem
1195 2661 1257 2727 ista
1280 2665 1325 2728 di-

132 2763 266 2844 xerunt;
293 2760 417 2824 nemini
444 2762 553 2823 tamen
581 2761 657 2822 6666
678 2761 711 2822 66
734 2757 889 2823 creditum
913 2760 971 2822 est.
1016 2763 1109 2825 erant
1136 2763 1195 2828 sub
1224 2767 1325 2831 oculis

90 2870 118 2912 2⁵
132 2861 305 2948 naufragia
326 2861 512 2946 muliorum,
536 2882 614 2945 quos
636 2860 788 2925 insidiosa
817 2859 1052 2944 tranquillitate
1079 2869 1245 2947 provectos
1268 2870 1325 2932 im·

131 2964 277 3050 provisus
298 2965 393 3029 turbo
414 2964 603 3048 perculerat.
641 2962 724 3047 quod
751 2961 837 3027 enim
863 2965 931 3026 tam
958 2962 1093 3028 infidum
1120 2988 1207 3032 mare
1230 2991 1324 3054 quarn

131 3067 309 3134 blanditiae
331 3067 513 3152 principum
536 3065 677 3149 illorum,
701 3066 816 3150 quibus
837 3066 932 3129 tanta
953 3065 1083 3150 levitas,
1105 3071 1323 3166 6666616666,

131 3173 168 3235 66
189 3169 316 3235 facilius
339 3173 422 3235 esset
443 3168 543 3234 iratos
566 3190 660 3253 quam
675 3167 831 3252 propitios
853 3167 1049 3233 1666666166
1071 3191 1146 3236 vero
1168 3175 1270 3239 securi
1293 3177 1326 3239 et

132 3272 340 3356 alacresque
367 3294 463 3338 vocas
486 3271 655 3356 sequimur.
691 3270 781 3334 iubes
811 3291 879 3334 6666
905 3269 1039 3356 liber0s3
1068 3274 1201 3341 erimus:
1234 3276 1324 3340 iubes

89 3385 117 3424 ³0
131 3395 214 3459 quae
236 3369 392 3440 sentimus
414 3395 558 3460 promere
580 3373 614 3437 in
637 3371 793 3458 medium5
815 3372 1022 3458 proferemus.
1038 3397 1141 3461 neque
1163 3378 1249 3443 enirn
1272 3378 1326 3442 ad-

200 3637 319 3699 2supra
337 3633 490 3699 principem
507 3632 551 3681 Ad
606 3633 668 3682 366
687 3630 764 3695 leges
782 3631 888 3694 Lipsius
906 3631 934 3678 in
951 3628 1040 3695 legem
1058 3631 1146 3681 ABcd
1186 3631 1243 3700 cui]
1263 3651 1323 3685 cum

131 3703 148 3767 β
250 3702 356 3753 4661666
376 3701 518 3752 iurandum
537 3703 579 3749 666
596 3700 616 3748 Β
634 3698 703 3748 idern
722 3698 926 3749 iusiurandum
946 3707 988 3748 est
1005 3700 1069 3749 Aod
1171 3703 1187 3752 6
1204 3705 1326 3767 peierari

131 3772 238 3836 Lipsius
255 3770 380 3834 peierare
398 3770 486 3819 ABod
604 3769 620 3817 9
643 3767 818 3818 inaccensum
844 3766 920 3816 illum
938 3768 961 3815 A
983 3768 1012 3816 in
1031 3783 1230 3834 assensumque
1248 3771 1324 3821 illurn

131 3841 175 3894 Βς
193 3838 270 3889 illum
288 3840 463 3889 inaccensum
483 3835 673 3904 (inaccensum
691 3836 717 3898 d)
736 3834 813 3885 illum
832 3838 868 3885 ed
885 3836 1111 3901 inaccessumque
1129 3836 1207 3888 illum
1219 3839 1325 3904 Lipsius

167 3909 200 3958 10
212 3904 312 3974 terere]
331 3911 425 3957 tenere
443 3920 480 3955 ae
515 3908 547 3956 13
564 3901 617 3953 hec
636 3919 684 3969 pro
703 3904 830 3954 contione
847 3903 899 3954 hoc
922 3907 1085 3968 prorostris
1103 3906 1126 3953 A
1143 3905 1196 3956 hoc
1214 3922 1263 3971 pro
1281 3908 1325 3958 his

131 3972 264 4026 concione
282 3975 446 4040 prorostris
466 3975 633 4038 crespinianus
655 3971 708 4022 hoc
731 3972 766 4021 iis
787 3986 837 4036 pro
856 3973 989 4022 concione
1013 3988 1061 4036 pro
1078 3975 1176 4023 rostris
1193 3976 1325 4026 Liuineius

201 4045 233 4094 16
252 4042 381 4094 transilui
398 4044 414 4092 d
432 4042 573 4092 transiliui
590 4041 630 4089 Bo
648 4039 768 4090 transilii
786 4041 809 4088 A
895 4043 926 4090 19
944 4039 1073 4091 diducere
1092 4042 1222 4093 Livineius
1240 4044 1324 4094 dedu-

131 4126 197 4162 cere
214 4110 304 4161 ABod
423 4113 456 4162 22
474 4122 619 4175 capessere
639 4109 719 4171 quasi
737 4105 817 4173 (quas
835 4106 864 4172 1))
886 4108 1036 4158 communis
1055 4110 1164 4174 imperii
1181 4123 1263 4161 curas
1280 4112 1324 4162 Ab

131 4195 334 4246 capessereque
354 4180 502 4231 communis
520 4176 628 4244 imperii
647 4192 727 4226 curas
746 4176 851 4240 (curam
869 4176 893 4240 c)
912 4177 948 4225 cd
970 4191 1118 4241 capescere
1138 4194 1205 4243 quas
1225 4196 1324 4232 causas

128 4248 241 4314 imperii
260 4247 374 4311 curasti
442 4248 475 4298 25
492 4247 633 4312 proiectos
651 4244 821 4309 crespinianus
888 4244 1136 4309 2666666166661)
1205 4251 1237 4299 27
1256 4248 1324 4298 leni·

128 4322 176 4368 tas
194 4317 218 4367 A
303 4319 336 4368 28
353 4322 384 4367 66
401 4315 514 4366 felicius
533 4319 609 4366 esset
626 4313 731 4377 Lipsius
815 4315 848 4363 29
867 4313 967 4363 erimus
984 4313 1026 4361 Ba
1043 4314 1165 4366 criminis
1182 4317 1218 4365 cd
1236 4319 1324 4367 cerni-

128 4400 190 4437 mus
207 4384 232 4434 A
249 4387 336 4439 adscr.
355 4387 382 4435 in
393 4401 473 4450 usurp.
493 4383 511 4433 l'
531 4381 654 4434 criminis
672 4380 690 4430 l'
710 4381 812 4432 erimus
829 4379 864 4430 Δ*
957 4384 990 4431 30
1008 4397 1132 4446 promere
1151 4384 1179 4433 in
1198 4385 1322 4448 medium,

127 4468 287 4522 promemus
305 4454 489 4504 Iiitiersbuslus
506 4453 630 4518 profarre
648 4449 676 4498 in
695 4449 813 4500 medium
831 4449 1002 4514 proferemus
1020 4449 1178 4502 Schwarzius
1264 4469 1325 4519 pro-

129 4522 307 4574 ferimusAc
377 4522 467 4571 adhuc
485 4536 532 4575 om.
551 4521 586 4570 od

1071 4603 1122 4655 24·
