3024 5062
223 306 228 313 ·
293 291 539 339 EPISTULARUM
555 283 698 337 esis-‘ea
714 281 764 357 [ie.
780 277 909 360 sii—ea]
928 287 962 353 (a.
978 287 1131 352 iii—113)
1252 277 1315 341 305

549 530 776 594 niniviiii.
801 530 890 616 [iio]

555 651 737 704 TRAIANUS
759 653 886 703 PLINIO

210 767 361 851 Agnosco
390 771 463 832 vota
490 770 563 849 tua,
589 768 633 830 mi
657 766 800 831 Secunde
825 769 1002 851 carissime,
1033 768 1147 851 quibus
1173 769 1315 852 precaris

125 871 161 930 ut
187 868 340 952 plurimos
368 872 401 932 et
427 869 631 950 felicissimos
658 869 784 933 natales
818 870 951 933 florente
979 872 1067 933 statu
1095 871 1142 934 rei
1170 870 1315 953 publicae

99 973 253 1034 anostrae
275 992 379 1055 again.

616 1140 682 1207 iio.
708 1141 816 1229 [ici]

404 1264 434 1314 Ο.
453 1263 600 1314 PLINIUS
619 1262 779 1314 TRAIANO
798 1263 1027 1315 IMPERATORI
1084 1337 1085 1340 Ἴ

210 1371 417 1463 Sinopenses,
441 1381 579 1463 domine,
604 1402 686 1463 aqua
702 1378 909 1463 deficiuntur3
932 1402 1013 1464 quae
1028 1380 1154 1446 videtur
1176 1384 1209 1445 et
1230 1381 1345 1453 bonai

125 1484 157 1545 ct
185 1481 311 1566 copiosa
340 1482 381 1545 ab
409 1485 499 1545 sexto
527 1481 651 1544 decimo
678 1480 814 1544 miliario
843 1502 936 1564 posse
964 1483 1104 1566 perduci.
1136 1486 1315 1547 esttamen

88 1573 112 1646 ic
125 1583 235 1647 statim
258 1583 298 1647 ab
322 1585 426 1669 capite
449 1584 544 1667 paulo
568 1582 704 1668 amplius
720 1581 807 1646 mille
826 1605 971 1662 passuum
994 1585 1081 1649 locus
1103 1589 1268 1668 suspectus
1284 1589 1316 1649 et

124 1686 245 1770 mollis,
275 1708 367 1770 quein
396 1708 456 1771 ego
483 1687 613 1751 interim
642 1686 801 1769 explorari
822 1686 946 1750 modico
969 1687 1132 1771 impendio
1154 1687 1249 1771 iussi,
1274 1710 1316 1751 aii

124 1789 265 1872 recipere
289 1790 321 1851 et
342 1789 499 1854 sustinere
522 1810 601 1872 opus
624 1788 734 1871 possit.
766 1788 903 1871 pecunia
920 1789 1105 1853 curantibus
1127 1789 1225 1852 nobis
1244 1792 1348 1855 con-2

123 1892 228 1954 tracta
251 1911 317 1953 non
345 1890 461 1973 deerit,
492 1890 519 1953 si
541 1893 592 1972 tu,
622 1889 765 1972 domine,
795 1888 856 1953 hoc
878 1911 981 1974 genus
1003 1891 1113 1973 operis·
1131 1893 1163 1954 et
1184 1890 1318 1954 salubri-

123 1990 183 2055 tati
207 1993 240 2055 et
261 1992 448 2055 amoenitati
470 1991 562 2056 valde
585 1991 724 2054 sitientis
747 1991 890 2055 coloniae
918 1992 1098 2056 indulseris.

91 2193 122 2233 15.
383 2212 401 2226 ,.
604 2160 686 2226 XCI.
713 2159 838 2245 [XCII]

556 2282 739 2333 TRAIANUS
762 2284 888 2334 PLINIO

208 2396 256 2462 Ut
270 2398 404 2482 coepisti
413 2408 427 2477 ,'
448 2397 592 2463 Secunde
609 2397 788 2479 carissime,
813 2399 943 2483 explora
959 2400 1145 2484 diligenter,
1166 2422 1208 2463 aii
1230 2400 1317 2464 locus

123 2499 178 2564 ille
200 2521 294 2585 quem
322 2502 505 2584 suspectum
527 2500 626 2563 habes
656 2500 813 2564 sustinere
835 2523 915 2585 opus
937 2523 1038 2586 aquae
1065 2501 1177 2566 duetus
1205 2503 1315 2585 possit.

123 2608 327 2686 nequeenim
350 2602 561 2666 dubitandum
583 2605 661 2686 puto
683 2602 761 2685 quin
788 2624 870 2686 aqua
891 2603 1092 2686 perducenda
1114 2603 1157 2668 sit
1178 2603 1213 2666 iii
1237 2603 1317 2667 colo-

87 2703 213 2770 ioniam
236 2702 461 2788 Sinopensem,
491 2704 518 2768 si
540 2703 633 2767 modo
656 2706 689 2767 et
710 2704 829 2767 viribus
852 2704 917 2768 suis
940 2705 1071 2788 adsequi
1092 2707 1214 2789 potest,
1246 2726 1317 2768 cuni

124 2805 297 2889 plurimum
320 2829 358 2871 ea
379 2828 430 2870 res
453 2809 485 2870 et
507 2805 688 2870 salubritati
711 2809 744 2869 et
766 2805 922 2890 voluptati
945 2807 1012 2870 eius
1035 2806 1189 2871 collatura
1211 2807 1262 2871 sit.

587 2974 853 3060 nunnioni]
896 2964 898 2969 ·

406 3098 436 3149 C.
455 3097 602 3149 PLINIUS
621 3097 782 3150 TRAIANO
800 3097 1031 3150 IMPERATORI

211 3214 437 3279 Amisenorum
459 3215 572 3280 civitas
595 3215 696 3279 libera
726 3216 759 3277 et
779 3213 944 3278 foederata
965 3215 1122 3280 beneficio
1149 3215 1318 3300 indulgen-

86 3316 192 3385 istiae
219 3319 294 3381 tuae
321 3315 445 3401 legibus
473 3317 539 3380 suis
567 3317 677 3381 utitur.
714 3315 750 3379 iii
779 3314 840 3379 hac
868 3316 978 3380 datum
1001 3317 1078 3381 mihi
1105 3316 1250 3381 libellum
1277 3317 1317 3381 ad

125 3439 241 3483 cranos
255 3419 470 3502 pertinentem
486 3417 536 3482 his
551 3418 667 3482 litteris
684 3417 819 3501 subieci,
844 3421 880 3481 ut
900 3421 951 3501 tii,
980 3419 1123 3503 domine,
1146 3420 1317 3503 dispiceres

125 3520 203 3604 quid
226 3522 258 3584 et
279 3523 436 3605 quatenus
459 3524 515 3584 aut
536 3520 786 3603 permittendum
808 3523 864 3583 aut
885 3519 1118 3603 prohibendum
1140 3525 1280 3605 putares.

124 3728 328 3737 m

194 3880 243 3931 XC
261 3881 304 3931 Dc
323 3894 396 3945 aqua
415 3879 606 3945 Sinopensium
631 3880 801 3944 perducenda
821 3881 946 3934 .Lvi11.
965 3882 988 3929 A
1056 3884 1134 3932 9est
1152 3888 1245 3930 tamen
1264 3885 1318 3930 sta-

124 3952 176 4000 tim
197 3964 213 3998 u
232 3953 275 3999 est
292 3948 386 3998 statim
404 3955 499 3999 tamen
517 3949 539 3997 A
594 3952 625 3998 10
643 3948 706 4003 mile
725 3965 855 4014 passuum
879 3949 954 3998 locus
975 3950 1119 3999 Ociunaeus
1136 3948 1210 3998 mille
1231 3951 1318 4014 passi-

122 4021 177 4084 bus
195 4018 274 4067 locus
292 4032 308 4066 a
326 4015 400 4066 mille
417 4016 492 4068 locus
511 4018 534 4065 A
602 4022 747 4082 suspectus
766 4032 781 4065 a
800 4022 945 4082 susceptus
963 4019 986 4066 A
1039 4020 1068 4067 11
1089 4016 1227 4082 explorari
1246 4022 1317 4081 culpo

123 4085 273 4152 explorare
290 4085 313 4133 A
375 4088 413 4134 -14
432 4085 599 4136 amoenitate
618 4100 634 4134 a

195 4187 259 4237 xci
278 4189 309 4238 18
328 4192 485 4252 suspectum
503 4202 520 4236 a
537 4192 695 4252 susceptum
714 4188 737 4235 A
807 4190 945 4252 leaeque
964 4188 1034 4236 enirn
1052 4201 1081 4235 a:
1106 4188 1178 4236 enim
1196 4203 1242 4238 om.
1261 4188 1284 4235 A
1306 4230 1313 4241 s

119 4261 157 4310 20
175 4256 299 4308 simodo
316 4255 345 4305 id
363 4257 469 4306 uiribus
495 4256 552 4306 suis
571 4256 682 4319 assequi
702 4255 844 4304 &lariacus
870 4257 894 4305 si
916 4256 994 4305 modo
1013 4259 1041 4304 et
1058 4255 1163 4304 uiribus
1182 4256 1239 4304 suis
1257 4256 1318 4318 ipsa

117 4325 149 4377 id
169 4323 289 4388 adsequi
305 4338 322 4372 a

194 4425 272 4478 xcii
289 4427 332 4478 ire
350 4427 485 4492 petitione
504 4426 690 4476 Amisenorum
710 4410 848 4476 ,aviiii
868 4427 890 4473 i
979 4429 1013 4475 24
1029 4422 1131 4492 isera]
1152 4431 1180 4476 a
1197 4426 1318 4476 liseria

116 4515 138 4550 a,
246 4496 280 4546 25
296 4494 389 4545 datum
407 4495 475 4544 mihi
492 4494 603 4559 publice
622 4493 745 4544 libellum
764 4508 780 4542 a
900 4495 932 4543 26
955 4509 1054 4544 erauos
1073 4494 1219 4545 Beroaldus
1237 4494 1317 4544 hera·

113 4583 173 4621 nos
193 4563 216 4612 A

173 4650 245 4690 Piiiii
258 4656 328 4688 misi.
342 4656 379 4687 su.
394 4647 462 4686 Knii.
1082 4652 1115 4699 ρο
