3024 5062
448 269 691 321 sersaonrnnn
713 271 761 319 vi.
784 265 825 315 aa.
848 266 889 315 aa.
912 262 947 330 (a.
963 265 1020 315 roc.
1043 262 1102 330 ror)
1314 256 1373 320 177

186 424 405 490 condicionem
425 424 534 489 mariti
561 427 649 490 veste
676 425 830 489 comitatu
856 424 982 508 augeri3
1012 423 1125 507 quibus
1151 445 1220 488 non
1247 424 1375 510 quidem

184 529 321 613 angatur
343 527 505 613 dignitas,
534 529 669 591 ornatur
690 529 798 591 tamen
821 528 854 590 et
874 525 1054 590 instruitur.
1097 528 1130 590 te
1152 548 1247 611 porro
1269 527 1406 592 animo?

184 628 422 715 beatissimum,
451 628 610 695 modicum
631 628 842 694 facultatibus
872 629 949 693 scio.
993 628 1102 712 itaque
1123 630 1249 713 partem
1270 630 1376 694 oneris

151 809 157 817 .
184 732 232 796 tui
253 730 334 795 mihi
365 731 493 797 vindico
521 733 553 796 et
574 735 739 816 tamquam
761 751 879 816 parens
902 730 984 795 altar
1004 729 1129 814 puellae
1152 735 1280 796 nostrae
1304 753 1376 796 con-

160 833 252 898 sfero
275 833 513 919 quinquaginta
533 833 623 898 milia
644 854 826 916 nummum,
854 833 926 916 plus
949 831 1139 916 collaturus,
1162 833 1226 898 nisi
1247 857 1267 898 a
1290 855 1376 898 vere-

185 935 301 1000 cundia
329 939 386 1000 tua
413 937 481 1000 sola
510 936 730 1001 mediocritate
757 934 939 1000 munusculi
966 934 1133 1019 impetrari
1160 957 1252 1020 posse
1281 937 1377 1000 confi-

183 1037 291 1102 derem
312 1059 355 1103 ne
376 1059 551 1104 recusares,
595 1037 677 1106 vale.
721 1060 729 1070 ·

700 1205 855 1272 XXXIII.

527 1329 558 1385 c.
576 1328 723 1381 eminus
740 1328 894 1381 conano
913 1327 984 1381 suo
1003 1329 1029 1383 s.

152 1475 172 1512 10
290 1446 419 1511 ‘Tollite
442 1449 570 1511 cuncta'
592 1445 698 1530 inquit
726 1448 930 1530 ‘coeptosque
952 1444 1076 1510 auferte
1098 1446 1248 1512 labores?
1386 1450 1402 1510 1

184 1570 239 1614 seu
261 1549 375 1615 scribis
405 1549 525 1633 aliquid
547 1571 603 1614 seu
624 1547 706 1633 legis
712 1597 722 1632 ‚
744 1547 814 1612 tolli
836 1547 955 1612 auferri
976 1547 1050 1612 iube
1073 1550 1106 1612 et
1128 1548 1238 1633 accipe
1260 1550 1375 1613 oratio-

184 1673 258 1717 nem
279 1673 401 1736 meam,
430 1654 467 1716 ut
489 1650 544 1716 illa
566 1671 670 1734 arma,
700 1649 842 1714 divinam
866 1649 958 1734 (num
981 1648 1148 1740 superbius
1169 1650 1259 1733 potui
1267 1651 1315 1736 l),
1341 1673 1376 1716 re

185 1775 259 1819 vera
296 1757 334 1819 ut
366 1753 456 1820 inter,
484 1774 572 1817 meas
609 1749 801 1837 pulchram:
839 1772 916 1816 nam
949 1749 1028 1814 mihi
1062 1752 1140 1815 satis
1175 1755 1225 1816 est
1253 1755 1376 1817 certare

184 1877 319 1922 mecum.
365 1858 414 1921 ast
440 1854 520 1920 haec
547 1875 605 1939 pro
627 1852 721 1917 Attia
742 1852 883 1937 Viriola,
913 1854 945 1916 et
974 1852 1133 1937 dignitate
1160 1875 1316 1938 personae
1345 1855 1408 1918 et?

155 1956 322 2043 sexempli
349 1957 482 2021 raritate
511 1959 545 2020 et
571 1954 681 2020 iudicii
708 1954 932 2041 magnitudine
958 1954 1107 2039 insignis.
1151 1977 1227 2020 nam
1254 1956 1377 2020 femina

185 2058 350 2145 splendida
372 2061 470 2143 nata,
498 2061 601 2143 nupta
622 2057 782 2141 praetorio
808 2058 893 2141 viro,
922 2055 1115 2121 exheredata
1143 2057 1184 2121 ab
1206 2061 1376 2143 octogena-

186 2162 230 2226 rio
251 2164 345 2246 patre
368 2160 455 2224 intra
476 2159 625 2225 undecim
648 2158 731 2243 dice,
755 2180 851 2245 quam
872 2157 920 2222 illi
941 2179 1112 2223 novercam
1134 2179 1241 2224 amore
1264 2163 1377 2244 captus

186 2264 370 2347 induxerat,
394 2261 594 2346 quadruplici
614 2261 731 2325 iudicio
753 2261 839 2329 bona
859 2264 996 2346 patema
1011 2260 1186 2345 repetebat.
1224 2262 1408 2327 sedebant3

189 2368 316 2431 centum
344 2368 378 2429 et
399 2364 566 2449 octoginta
594 2363 714 2428 iudices
749 2364 812 2449 (tot
839 2364 926 2429 enim
953 2365 1104 2448 quattuor
1127 2362 1268 2428 consiliis
1291 2363 1377 2428 colli-

155 2468 337 2552 rogunturlz
360 2467 476 2551 ingens
490 2466 650 2551 utrimque
672 2465 838 2530 advocatio
861 2469 894 2530 et
917 2486 1088 2529 numerosa
1101 2464 1263 2548 subsellia,
1286 2488 1377 2551 prae-

185 2572 271 2633 terea
285 2569 386 2632 densa
401 2566 676 2633 circumstantium
691 2589 809 2634 corona
828 2567 1019 2636 latissimum
1039 2566 1192 2631 iudicium
1207 2567 1377 2653 multiplici

187 2670 303 2735 circulo
325 2669 479 2735 ambibat.
525 2668 566 2735 ad
587 2669 648 2735 hoc
670 2671 826 2756 stipatum
845 2668 1003 2753 tribunal,
1026 2672 1122 2754 atque
1145 2670 1242 2734 etiam
1265 2693 1304 2736 ex
1326 2669 1406 2737 sii-4

185 2773 307 2856 periore
334 2772 486 2837 basilicae
508 2775 600 2856 parte
622 2795 686 2857 qua
711 2772 852 2838 feminac
874 2792 937 2855 qua
960 2770 1020 2835 viri
1042 2773 1075 2834 et
1097 2772 1264 2858 audiendi,
1293 2774 1376 2859 quod

252 3049 266 3097 1
285 3047 468 3098 conditionem
487 3049 540 3095 nn
560 3045 733 3097 conditiones
752 3060 809 3107 pra
859 3050 939 3098 ueste
952 3048 1086 3096 comitatu
1101 3047 1198 3110 augeri
1211 3049 1309 3113 quibus
1322 3064 1375 3100 non

184 3116 295 3179 quidem
312 3122 429 3181 angetur
447 3116 571 3180 dignitas
583 3118 697 3166 ornatur
714 3119 807 3164 tamen
831 3118 859 3164 et
884 3115 1028 3164 instruitur
1054 3126 1112 3169 rsa
1135 3121 1214 3166 uesta
1242 3119 1376 3168 comitatu

184 3183 282 3248 quibus
308 3199 364 3234 non
408 3183 498 3234 uidem
525 3186 643 3248 augetur
662 3183 785 3248 dignitas
811 3189 925 3233 ornatur
947 3187 1040 3233 tamen
1059 3188 1087 3234 et
1109 3184 1233 3234 instruit’
1252 3186 1279 3234 tt
1296 3191 1375 3236 ueste

184 3251 370 3316 comitataque
389 3200 515 3302 decorari
534 3250 632 3318 quibus
648 3277 683 3286 —-
699 3251 846 3300 instruitur
867 3252 952 3301 codex
969 3252 1110 3315 Propensis
1131 3252 1174 3302 uti
1196 3257 1274 3304 veste
1294 3255 1375 3305 comi·

182 3324 244 3371 tatu
270 3320 370 3384 quibus
388 3347 418 3356 -
437 3320 583 3371 instruitur
600 3319 768 3370 Momnrsecus
793 3323 870 3369 ueste
898 3319 1032 3371 comitatu
1058 3319 1158 3384 quibus
1184 3336 1239 3373 non
1266 3322 1374 3386 quidem

184 3388 278 3453 agitur
295 3387 419 3452 dignitas
436 3393 551 3439 ornatus
570 3392 662 3437 tamen
680 3386 779 3435 instrui
796 3387 839 3449 Dp
861 3391 940 3437 ueste
963 3387 1105 3451 comitatu,
1125 3390 1225 3452 quibus
1244 3405 1299 3440 non
1317 3392 1375 3454 qui-

180 3455 242 3506 dam
273 3455 394 3521 (quidem
423 3472 471 3507 om.
502 3453 651 3518 sichardus)
680 3458 798 3519 augetur
823 3455 962 3518 dignitas,
989 3459 1102 3505 ornatur
1128 3460 1239 3520 tamen,
1275 3459 1375 3509 instrui

182 3523 333 3588 Sirtcrdns,
353 3524 478 3575 Gruterus
495 3540 509 3574 c
526 3525 614 3574 codice
632 3524 751 3573 Palatino
818 3525 836 3572 4
853 3521 963 3573 uindico
980 3522 1049 3572 mihi
1065 3535 1102 3578 τς
1187 3527 1202 3576 5
1221 3523 1286 3591 nisi]
1306 3526 1375 3576 nihil

181 3604 198 3653 ι)
266 3591 482 3657 timpetrarer
550 3593 685 3658 possessi>

250 3659 371 3711 XXXIII
390 3663 422 3712 10
440 3656 553 3726 Tollite]
577 3661 655 3724 Verp.
678 3659 745 3712 Aen.
769 3658 846 3708 VIII
864 3660 916 3708 439
1001 3658 1097 3724 inquid
1114 3663 1142 3708 Π
1227 3662 1259 3710 12
1277 3660 1374 3710 utillo

181 3729 279 3792 Ilipr
295 3732 326 3778 nt
342 3727 385 3779 illi
405 3740 443 3783 §a
539 3727 661 3777 diuinam
680 3726 820 3777 Sictardus
838 3732 863 3776 et
881 3726 1045 3779 Cocmcbcnus
1062 3726 1158 3778 diuina
1175 3729 1291 3790 lilipra

181 3792 259 3861 num]
280 3798 419 3859 suumIip
506 3797 537 3846 13
555 3794 671 3859 pulchra
688 3796 731 3857 Dp
812 3797 844 3844 14
861 3796 932 3844 attia
949 3794 977 3842 n
996 3795 1070 3845 actia
1087 3795 1149 3851 Βτς
1168 3795 1246 3847 occia
1264 3797 1374 3847 sarria

180 3878 197 3927 p
267 3862 369 3915 uiriola
386 3864 454 3927 lipr
471 3862 585 3914 uirriola
603 3865 625 3911 l>
641 3862 757 3915 Variola
775 3874 812 3918 ςι
897 3864 929 3913 16
947 3864 1087 3928 praetorio
1108 3864 1168 3915 uiro
1185 3863 1235 3918 nc
1252 3866 1375 3929 praetori

180 3932 241 3982 niro
259 3934 343 3994 apra
429 3931 603 3998 octoginario
621 3932 648 3977 tt
745 3933 776 3980 17
795 3946 877 3995 quam
895 3930 938 3980 illi
955 3947 1104 3982 nouercam
1122 3948 1214 3983 amore
1232 3937 1330 3998 captus
1348 3935 1375 3983 n

181 3998 326 4065 quamille
345 4015 494 4051 nouercam
513 4000 539 4049 ei
558 4014 649 4048 amore
669 4003 767 4063 captus
784 4000 872 4060 apra
894 4000 975 4063 quasi
996 4000 1045 4050 ille
1063 4015 1212 4050 nouercam
1231 4002 1257 4050 ei
1276 4005 1374 4065 captus

179 4082 194 4116 r
265 4069 297 4118 18
316 4067 483 4133 quadriplici
501 4069 528 4114 it
598 4069 628 4116 19
647 4070 756 4116 centum
775 4072 803 4116 et
821 4069 962 4132 octoginta
978 4067 1082 4119 iudices
1094 4067 1122 4115 n
1139 4065 1246 4118 iudices
1263 4073 1374 4119 centum

181 4140 210 4187 ct
229 4136 377 4200 octoginta
392 4137 477 4198 Dpra
546 4134 710 4199 colliguntur
727 4134 794 4189 Πτς
813 4136 1023 4187 conscribuntur
1034 4136 1075 4197 Dp
1095 4137 1240 4186 Coronaeus
1257 4152 1274 4185 a
1341 4139 1375 4187 20

180 4204 332 4255 aduocatio
352 4208 380 4253 et
396 4218 542 4255 numerosa
560 4202 693 4253 subsellia
714 4206 860 4268 praeterea
882 4203 968 4255 densa
992 4204 1228 4254 circumstantium
1246 4204 1273 4252 n
1292 4204 1374 4253 aduo-

181 4276 308 4323 catorum
327 4276 355 4321 et
372 4268 479 4336 (et‘om.
499 4270 527 4337 ς)
545 4285 691 4320 numerosa
708 4270 841 4321 subsellia
859 4271 1058 4335 praestantium
1077 4274 1162 4334 lipsa
1180 4271 1372 4322 aduocatorum

178 4341 313 4391 uniuersa
329 4339 450 4390 subselia
468 4339 669 4405 praestantium
686 4353 700 4387 r
767 4340 799 4388 21
816 4338 1036 4393 laudatissimum
1053 4355 1067 4388 r
1134 4342 1167 4389 22
1186 4339 1274 4404 adque
1292 4341 1319 4389 li

178 4411 213 4460 23
251 4408 304 4458 uod
324 4407 439 4458 difficile
459 4412 487 4458 et
506 4405 579 4472 quod
597 4405 682 4456 facile
700 4406 809 4456 uisendi
828 4422 844 4456 a
862 4408 932 4472 quod
950 4407 1051 4457 dificile
1074 4412 1103 4458 et
1121 4406 1205 4457 facile
1224 4407 1373 4458 uisendiit

198 4425 252 4527 uod
271 4475 384 4526 difficile
403 4481 431 4526 ct
449 4474 557 4526 uisendi
574 4487 609 4531 τς
628 4473 700 4540 quod
719 4473 832 4526 difficile
852 4473 965 4538 (dificile
982 4474 1014 4543 a)
1035 4475 1143 4526 uisendi
1161 4475 1205 4537 Dp
1224 4476 1374 4540 quoderat

177 4493 296 4595 difficile
315 4549 344 4595 et
360 4542 468 4594 uisendi
486 4543 626 4594 sichardus

230 4629 300 4670 Pam
312 4637 383 4669 namn.
396 4635 434 4669 na.
447 4627 515 4668 xm.
1136 4631 1168 4678 12
