3024 5062
469 245 712 295 pensaremus
737 243 777 296 rr.
803 244 842 298 ra.
869 244 908 292 ra.
930 245 972 293 20.
1256 235 1319 300 333

130 416 298 480 guescere,
327 398 451 481 gladios
474 400 571 464 etiam
599 399 725 465 incuria
746 399 890 464 hebetari
913 402 1103 486 retundique
1125 403 1318 487 gaudebant.

130 498 226 564 duces
246 521 341 585 porro
362 501 464 566 nostri
479 522 546 566 non
567 505 634 566 tam
650 523 763 587 regum
778 504 957 567 exterorum
972 524 1069 587 quam
1090 526 1218 569 suorum
1232 507 1319 589 prin-

130 601 237 684 cipum
257 601 390 667 insidias
409 624 470 667 nec
491 606 559 667 tam
580 603 721 669 hostium
736 627 832 690 quam
854 604 1106 670 commilitonum
1120 627 1235 671 manus
1255 607 1318 671 fer·
1424 686 1427 692 ι

129 723 261 787 rumque
275 704 472 770 metuebant.
504 710 554 770 est
575 707 655 771 haec
669 709 786 775 natura
809 707 981 790 sideribus,
1005 710 1041 771 ut
1055 729 1155 791 parva
1177 711 1210 773 et
1224 709 1319 773 exilia
1330 710 1370 775 19

102 803 315 870 evalidiorum
338 809 465 871 exortus
488 809 651 896 obscuret:
677 808 825 874 similiter
846 809 1048 893 imperatoris
1071 809 1210 874 adventu
1232 811 1319 896 lega-

127 908 233 970 torum
259 907 402 993 dignitas
430 909 642 975 inumbratur.
680 913 717 975 tu
749 916 860 976 tamen
887 913 988 975 maior
1016 911 1164 976 omnibus
1191 913 1318 996 quidem

128 1030 215 1093 eras,
245 1008 301 1074 scd
328 1011 397 1076 sine
426 1012 522 1076 ullius
545 1012 763 1077 deminutione
784 1013 901 1078 maior:
933 1013 1066 1077 eandem
1095 1014 1318 1078 auctoritatem

128 1114 296 1193 praesente
317 1115 351 1177 te
372 1113 504 1198 quisque
530 1115 705 1198 retinebat3
733 1114 811 1198 quin
840 1115 937 1179 etiam
964 1114 1124 1198 plerisque
1152 1136 1250 1180 exeo
1271 1137 1319 1179 re·

128 1213 272 1278 verentia
287 1218 480 1298 accesserat,
504 1216 588 1301 quod
609 1219 645 1281 tu
665 1212 788 1302 quoque
803 1216 875 1280 illos
889 1216 1085 1280 reverebare.
1118 1216 1228 1301 itaque
1248 1239 1319 1302 per·

90 1330 116 1370 10
129 1314 203 1379 inde
218 1316 350 1381 summis
365 1319 460 1401 atque
482 1318 602 1382 infimis
628 1341 719 1383 carus
747 1319 793 1383 sic
815 1319 1041 1402 imperatorem
1056 1318 1318 1384 commilitonem-

126 1439 188 1502 que
209 1419 399 1503 miscueras,
422 1422 460 1484 ut
481 1421 621 1485 studium
636 1421 778 1486 omnium
800 1421 1004 1504 laboremque
1026 1423 1060 1484 et
1080 1423 1244 1505 tamquam
1267 1443 1319 1486 ex·

127 1523 216 1584 actor
229 1520 413 1586 intenderes
429 1525 462 1586 et
476 1525 638 1607 tamquam
652 1523 815 1608 particeps
833 1522 998 1607 sociusque
1013 1522 1181 1587 relevares.
1208 1522 1319 1588 felices

126 1620 208 1706 illos,
224 1643 358 1706 quorum
372 1623 451 1688 fides
467 1627 501 1688 et
514 1625 674 1690 industria
685 1647 752 1690 non
762 1647 820 1708 per
834 1624 1053 1689 internuntios
1069 1626 1101 1688 et
1115 1625 1318 1709 interpretes,

125 1723 181 1788 sed
203 1724 245 1788 ab
266 1725 337 1808 ipso
358 1729 406 1808 te,
430 1747 491 1791 nec
513 1727 641 1791 auribus
663 1727 742 1809 tuis,
770 1726 824 1790 sed
848 1725 948 1791 oculis
969 1726 1206 1810 probabantur!
1243 1748 1317 1793 con·

87 1837 113 1879 1⁵
126 1827 228 1891 secuti
249 1830 327 1890 sunt
346 1830 384 1892 ut
405 1828 521 1893 absens
544 1850 667 1913 quoque
689 1829 728 1893 de
750 1828 936 1893 absentibus
950 1828 1074 1893 nemini
1095 1829 1199 1913 magis
1221 1850 1317 1913 quam

124 1927 185 1992 tibi
214 1928 368 1993 crederes.
404 1930 469 1994 iam
495 1933 528 1995 te
557 1931 672 1995 civium
699 1930 856 1995 desideria
877 1931 1085 2014 revocabant,
1115 1951 1316 2014 amoremque
1326 1933 1369 1998 20

126 2033 302 2096 castrorum
323 2033 497 2116 superabat
519 2033 636 2097 caritas
657 2032 791 2116 patriae.
824 2033 886 2096 iter
912 2031 988 2096 inde
1009 2031 1171 2115 placidum
1193 2052 1232 2096 ac
1253 2053 1318 2096 mo-

125 2131 251 2197 destum
266 2154 305 2197 ac
325 2133 457 2218 planca
478 2157 558 2219 pace
577 2136 749 2200 redeuntis.
779 2155 840 2199 nec
855 2155 930 2198 vero
953 2155 1013 2218 ego
1035 2133 1069 2197 in
1091 2132 1238 2198 laudibus
1253 2133 1318 2197 tuis

125 2255 245 2318 ponam
266 2235 350 2319 quod
372 2236 543 2301 adventum
564 2240 656 2302 tuum
677 2259 744 2300 non
765 2240 859 2321 pater
884 2235 1067 2320 quisquam,
1095 2256 1161 2300 non
1182 2235 1318 2299 maritus

85 2351 112 2392 2⁰
126 2328 270 2420 eipavit:
293 2337 454 2402 adfectata
476 2337 548 2402 aliis
571 2339 716 2422 castitas,
738 2338 799 2402 tibi
813 2337 961 2422 ingenita
984 2340 1017 2401 et
1036 2337 1148 2401 innata
1169 2336 1318 2421 interque

125 2458 267 2522 eaquae
292 2439 452 2524 imputare
479 2462 545 2505 non
566 2440 679 2525 possis.
708 2439 816 2504 nullus
837 2440 873 2503 in
901 2437 1067 2524 exigendis
1088 2436 1241 2502 vehiculis
1268 2442 1317 2503 tu-

124 2539 260 2624 multus,
288 2540 413 2608 nullum
436 2543 521 2608 cirea
548 2542 688 2628 hospitia
708 2541 889 2624 fastidium3
919 2561 1050 2605 annona
1077 2561 1158 2623 quae
1187 2540 1317 2624 ceteris,

125 2640 250 2706 adhoc
272 2643 442 2708 comitatus
465 2644 627 2709 accinctus
650 2647 683 2708 et
704 2664 838 2728 parens:
860 2642 981 2707 diceres
1003 2663 1156 2727 magnum
1178 2641 1317 2726 aliquem

125 2742 238 2809 ducem
260 2767 299 2810 ac
319 2749 352 2810 te
373 2747 575 2830 potissimum
597 2748 638 2811 ad
666 2745 823 2810 exercitus
850 2745 912 2808 ire:
940 2744 1017 2808 adeo
1044 2743 1127 2809 nihil
1149 2746 1205 2808 aut
1231 2747 1317 2809 certe

84 2861 111 2903 2⁵
124 2867 239 2931 parum
261 2846 417 2912 intererat
431 2848 517 2913 inter
530 2849 756 2932 imperatorem
776 2847 900 2910 factum
917 2852 949 2910 et
963 2845 1115 2910 futurum.
1145 2866 1241 2929 quam
1256 2846 1318 2911 dis·

124 2949 239 3013 similis
260 2970 363 3033 nuper
378 2950 510 3015 alterius
524 2949 680 3035 principis
701 2948 874 3014 transitus!
898 2947 925 3012 si
947 2949 1056 3011 tamen
1071 2948 1227 3012 transitus
1250 2948 1316 3033 illc,
1375 2957 1377 2962 ’

124 3071 193 3115 non
214 3049 379 3135 populatio
400 3050 479 3135 fuit,
508 3073 579 3116 cum
602 3053 735 3117 abactus
757 3050 919 3134 hospitum
941 3052 1118 3134 exerceret,
1147 3049 1317 3135 omniaque

124 3267 327 3275 ——

194 3412 208 3459 1
226 3410 354 3461 hebetari
373 3412 534 3477 retundique
552 3413 598 3467 Δς
619 3412 748 3463 hebetari
772 3410 940 3475 recondique
958 3426 975 3459 a
997 3410 1123 3461 hebetari
1147 3415 1173 3461 et
1195 3410 1315 3475 undique

125 3478 168 3527 Bd
185 3477 312 3528 hebetari
330 3479 450 3543 undique
468 3494 483 3528 c
577 3483 593 3530 3
616 3477 783 3545 ferrumque]
808 3479 960 3545 plerunque
978 3480 995 3528 d
1077 3478 1317 3530 bualidiorumA

126 3546 294 3612 Caepinianua
311 3546 465 3598 ualidorum
481 3548 564 3598 Bacd
631 3548 817 3612 bdignitates
835 3547 1066 3598 inumbranturA
1135 3547 1242 3611 quidem
1260 3562 1317 3596 om-

124 3615 242 3667 nibusd
326 3616 341 3666 7
359 3615 540 3666 diminutione
557 3616 647 3665 esee
748 3617 765 3666 8
781 3619 929 3682 praesente
952 3619 980 3666 te
1004 3617 1120 3680 quisque
1138 3614 1276 3664 retinebat
1293 3616 1317 3664 A

124 3686 274 3749 praesente
296 3684 413 3749 quisque
435 3685 573 3735 retinebat
594 3687 651 3735 cod.
670 3685 778 3737 Medici.
802 3687 947 3750 praesente
969 3690 997 3734 te
1022 3684 1166 3748 quisquam
1190 3681 1316 3744 (absente

123 3753 187 3804 cdd.
205 3753 240 3803 at
258 3750 336 3816 maa.)
355 3752 523 3816 retinebatfl
541 3757 687 3817 praesente
706 3757 734 3803 te
748 3755 893 3818 quisquam
905 3751 1021 3802 absente
1037 3751 1181 3802 retinebat
1192 3752 1227 3801 cd
1238 3763 1317 3815 prae-

124 3825 203 3871 sente
221 3821 249 3870 te
269 3822 413 3886 quisquam
425 3821 565 3872 retinebat
583 3821 697 3872 absente
715 3821 856 3870 retinebat
867 3821 885 3869 b
896 3824 1044 3884 praesente
1061 3823 1089 3869 te
1102 3819 1216 3884 quisque
1235 3833 1316 3883 quam

124 3887 242 3939 absente
261 3888 402 3940 retinebat
420 3901 437 3944 5
521 3889 678 3941 reuerentia
695 3889 781 3940 Abod
798 3887 982 3939 reuerentiam
1000 3904 1069 3938 corr.
1091 3889 1163 3937 -tia
1182 3886 1197 3949 β
1284 3889 1315 3936 12

123 3955 268 4007 releuares
284 3958 349 4007 Acri
365 3957 504 4009 reuelares
522 3974 591 4011 corr.
610 3961 644 4008 al.
662 3974 729 4014 man.
748 3957 888 4008 releuares
907 3955 922 4017 β
945 3956 1085 4006 reuelares
1101 3957 1118 4004 b
1204 3957 1237 4004 14
1254 3971 1316 4020 pro-

123 4025 227 4075 bantur
244 4027 302 4078 cod.
320 4026 428 4077 Medici.
447 4038 464 4081 ς
533 4029 564 4078 15
582 4030 612 4076 ut
630 4029 664 4076 ol.
682 4042 748 4076 moa.
766 4025 966 4090 superscriptum
987 4023 1063 4074 babet
1080 4025 1097 4071 b
1166 4025 1198 4073 16
1216 4023 1271 4072 iam
1290 4026 1316 4072 te

123 4093 210 4143 Baod
226 4093 293 4143 item
310 4097 338 4145 te
356 4094 380 4142 Α
466 4095 497 4144 18
516 4110 550 4145 ac
567 4094 650 4160 plane
668 4094 709 4143 Ao
729 4098 758 4144 et
773 4093 857 4159 plane
875 4093 918 4141 Bd
939 4095 971 4141 ut
989 4091 1073 4157 plane
1091 4102 1108 4145 5
1176 4090 1316 4141 redeunti·

122 4161 210 4212 bueo
278 4162 309 4211 21
328 4162 463 4212 tumultus
481 4163 563 4225 onass
631 4165 664 4213 23
683 4166 712 4212 et
729 4167 861 4227 patenae
883 4164 912 4210 et
928 4174 1028 4225 parcus
1048 4159 1215 4223 sterpiniacus
1283 4160 1316 4209 25

125 4233 157 4280 et
173 4228 254 4280 breui
273 4227 394 4280 futurum
412 4228 556 4281 Omanaeus
624 4232 657 4280 26
674 4226 775 4297 nuper]
795 4229 997 4295 imperatoriB
1072 4228 1096 4277 ri
1113 4232 1206 4277 tamen
1224 4231 1315 4277 traus-

86 4332 88 4336 ι
123 4297 182 4347 itus
200 4311 280 4349 om.c
393 4299 426 4347 27
444 4299 563 4349 abactus
585 4297 724 4363 hospitum
742 4303 886 4350 exerceret
904 4310 921 4352 5
939 4296 1056 4346 abactus
1073 4295 1223 4360 hospitium
1241 4310 1315 4345 exer-

123 4367 201 4415 ceret
216 4364 261 4413 Ad
278 4364 393 4416 abactas
412 4365 563 4432 hospitium
580 4371 707 4417 exereret
724 4365 807 4432 (corr.
826 4368 969 4417 exerceret
987 4362 1013 4427 β)
1036 4362 1057 4411 Β
1081 4364 1116 4414 ab
1139 4371 1202 4414 acto
1225 4363 1317 4429 hospi·

122 4433 193 4483 tium
212 4438 355 4485 exerceret
372 4448 387 4483 o
405 4434 521 4484 abactus
538 4434 676 4499 hospitum
695 4439 870 4486 exerceretur
892 4436 931 4485 vel
949 4436 1143 4483 exercerentur
1165 4432 1190 4482 Ι.
1209 4433 1244 4487 Α.
1263 4433 1316 4482 Er·

122 4502 223 4552 aeetias
241 4501 341 4553 abacta
358 4501 497 4568 hospitum
516 4503 639 4553 iumenta
656 4517 783 4554 cerneres
802 4503 928 4566 Gieripius
