3024 5062
202 326 244 389 30
724 341 754 389 e.
778 343 875 388 emur

204 498 259 559 aut
272 495 415 578 porticus
437 517 498 559 nec
521 495 791 580 disputationibus
818 495 925 580 longis
954 495 1088 559 aliorum
1117 493 1218 558 otium
1245 514 1398 577 suumque

203 597 356 679 delectat,
382 597 436 659 sed
456 586 493 660 in
520 601 596 680 toga
618 598 820 681 negotiisque
849 600 1009 680 versatur,
1034 597 1150 659 multos
1179 596 1397 678 advocatione,

174 698 309 781 lplures
333 699 464 762 consilio
487 699 586 762 iuvat.
624 699 747 766 nemini
774 702 882 763 tamen
912 700 1046 762 istorum
1070 698 1234 781 castitate,
1264 699 1397 781 pietate,

201 801 340 884 iustitia,
370 800 559 865 fortitudine
588 801 684 864 etiarn
706 801 810 885 primo
832 800 902 863 loeo
926 799 1067 864 cesserit.
1098 799 1277 881 mirareris,
1301 799 1328 863 si
1350 801 1399 863 in-

201 904 336 967 teresses
344 953 353 986 ,
378 925 439 986 qua
453 903 612 986 patientia
627 903 713 966 hanc
727 903 831 985 ipsam
846 901 1062 966 valetudinem
1083 901 1215 984 toleret,
1240 905 1276 964 ut
1298 900 1425 965 doloris

201 1004 345 1087 resistat,
369 1008 406 1068 ut
427 1005 515 1068 sitim
538 1005 678 1087 differat,
711 1006 748 1067 ut
774 1003 996 1067 incredibilem
1023 1002 1162 1067 febrium
1184 1003 1330 1066 ardorem
1351 1002 1400 1064 in-

176 1105 310 1169 8motus
326 1109 517 1189 opertusque
539 1106 752 1170 transmittat.
783 1127 887 1188 nuper
901 1126 952 1168 me
968 1125 1148 1188 paucosque
1163 1125 1297 1186 mecum,
1321 1125 1400 1187 quos

202 1208 340 1270 maxime
371 1207 494 1291 diligit,
527 1208 695 1271 advocavit
722 1206 910 1291 rogavitque
938 1210 975 1269 ut
1001 1206 1140 1269 medicos
1164 1205 1400 1269 consuleremus

204 1308 242 1371 de
264 1331 387 1372 summa
409 1309 617 1391 valetudinis,
648 1311 698 1391 ut,
729 1309 756 1371 si
769 1377 772 1386 ¹
786 1311 869 1373 esset
891 1306 1133 1391 insuperabilis,
1163 1310 1276 1390 sponte
1300 1308 1401 1372 exiret

173 1410 219 1472 9e
243 1410 324 1493 vita,
348 1411 375 1473 si
390 1412 518 1473 tantum
533 1410 674 1480 difficilis
697 1414 730 1473 et
751 1410 867 1494 longa,
892 1410 1055 1473 resisteret
1077 1411 1299 1492 maneretque:
1323 1409 1400 1473 dan·
1414 1428 1439 1467 10

204 1511 278 1574 dum
294 1511 379 1574 enim
394 1511 541 1594 precibus
557 1512 680 1594 uxoris,
705 1511 844 1575 dandum
859 1512 943 1575 filiae
958 1511 1116 1595 lacrimis,
1140 1511 1280 1575 dandum
1303 1512 1401 1575 etiam

203 1613 296 1676 nobis
320 1613 430 1676 amicis
453 1635 494 1678 ne
517 1635 589 1697 spes
604 1617 746 1696 nostras,
769 1614 796 1677 si
818 1613 911 1677 modo
926 1635 993 1686 non
1008 1617 1115 1677 essent
1136 1614 1250 1677 inanes
1256 1662 1265 1696 ,
1288 1612 1399 1676 volun·

155 1706 194 1780 10
203 1715 287 1777 tatia
314 1717 416 1778 morte
445 1715 613 1779 desereret.
652 1714 682 1778 id
713 1737 773 1800 ego
802 1714 935 1778 arduum
965 1715 1000 1779 in
1027 1714 1140 1799 primis
1168 1718 1201 1779 et
1227 1715 1400 1798 praecipua

201 1815 295 1879 laude
318 1816 453 1900 dignum
474 1821 561 1902 puto.
593 1839 670 1880 nam
692 1817 816 1900 impetu
832 1816 970 1899 quodam
992 1819 1024 1880 et
1039 1817 1196 1881 instinctu
1211 1838 1397 1900 procurrere

204 1917 244 1981 ad
266 1919 402 1981 mortem
419 1940 585 1982 commune
608 1941 679 1983 oum
694 1918 820 2002 multis,
847 1919 1021 1983 deliberare
1043 1940 1118 1983 vero
1141 1921 1173 1982 et
1196 1939 1308 1982 causas
1331 1917 1398 1981 eius
1414 1935 1437 1971 1⁵

204 2020 399 2102 expendere,
429 2022 527 2103 utque
550 2021 685 2084 suaserit
711 2021 810 2104 ratic,
840 2020 925 2084 vitae
953 2020 1128 2104 mortisque
1151 2019 1321 2084 consilium
1349 2019 1400 2082 vel

128 2183 131 2190 ,
155 2121 365 2204 ilsuscipere
386 2121 438 2184 vel
466 2144 585 2205 ponere
605 2123 749 2207 ingentis
779 2125 827 2186 est
850 2121 960 2186 animi.
997 2125 1029 2186 et
1058 2122 1173 2186 medici
1202 2122 1331 2205 quidem
1353 2143 1400 2185 se-

205 2223 309 2286 cunda
331 2223 424 2286 nobis
446 2223 653 2308 pollicentur:
677 2227 822 2307 superest
843 2227 879 2288 ut
900 2224 1064 2308 promissis
1087 2223 1164 2287 deus
1186 2223 1306 2286 adnuat
1327 2225 1398 2286 tan·
1477 2292 1486 2309 Α

204 2323 338 2408 demque
360 2346 411 2387 me
432 2324 494 2389 hac
510 2325 724 2389 sollicitudine
739 2326 898 2407 exsolvat3
922 2348 983 2410 qua
997 2325 1151 2388 liberatus
1166 2317 1399 2388 Laurentinum

203 2448 326 2509 meum,
356 2425 417 2491 hoc
439 2432 489 2491 est
509 2427 634 2491 libellos
657 2426 690 2491 'et
712 2428 887 2512 pugillares
909 2428 1148 2511 studiosumque
1170 2427 1286 2509 otium,
1311 2448 1399 2510 repe·
1412 2441 1438 2481 20

113 2548 123 2564 ·
203 2532 279 2592 tarn.
310 2551 398 2593 nunc
420 2529 506 2593 enim
528 2528 610 2592 nihil
632 2529 754 2613 legere,
779 2528 862 2593 nihil
876 2529 1023 2619 'scribere
1046 2532 1102 2593 aut
1124 2529 1281 2592 adsidenti
1304 2531 1399 2592 vacat

156 2631 194 2693 12
204 2635 261 2694 aut
282 2632 379 2694 anxio
400 2631 490 2695 libet.
521 2631 621 2695 habes
636 2631 711 2716 quid
726 2632 875 2714 timeam,
898 2631 974 2716 quid
996 2634 1120 2715 optem,
1145 2630 1220 2715 quid
1244 2630 1341 2693 etiam
1363 2631 1398 2693 in

203 2736 366 2815 posterum
389 2733 561 2796 destinem:
584 2735 620 2796 tu
642 2733 718 2816 quid
741 2734 861 2818 egeris,
886 2733 962 2818 quid
985 2755 1079 2818 agas,
1103 2732 1179 2817 quid
1194 2731 1273 2795 velis
1289 2754 1396 2815 agere,

204 2835 342 2900 invicem
368 2834 478 2917 nobis,
509 2834 563 2898 sed
593 2834 780 2899 laetioribus
810 2835 955 2919 epistulis
978 2835 1091 2899 scribe.
1128 2835 1190 2898 erit
1218 2832 1398 2897 confusioni

203 2959 293 3000 meae
315 2958 382 3000 non
403 2937 562 3000 mediocre
585 2935 752 3019 solacium,
776 2937 803 3001 si
825 2940 860 3000 tu
882 2936 965 3000 nihil
987 2937 1136 3021 quereris.
1173 2934 1254 2999 vale.
1411 2949 1436 2988 25

741 3106 864 3171 XXIII.

454 3226 483 3280 u
502 3229 649 3279 emulos
667 3228 831 3281 Ponrmo
849 3229 1013 3280 saccom
1034 3228 1102 3280 suo
1122 3229 1149 3280 s

176 3345 192 3405 1
289 3343 452 3426 ConsuliS,
477 3363 520 3406 an
535 3344 714 3408 existimem
735 3348 768 3408 te
791 3346 825 3410 in
840 3346 1009 3409 tribunatu
1032 3366 1143 3408 causas
1160 3343 1395 3428 ageredebere.

204 3444 376 3528 plurimum
404 3446 518 3529 refert,
549 3445 625 3530 quid
647 3469 715 3511 esse
737 3448 938 3524 tribunatum
960 3453 1070 3532 putes,
1099 3436 1229 3510 inanem
1251 3446 1397 3509 umbram

273 3705 286 3751 1
306 3708 354 3753 aut
372 3703 493 3767 porticus
511 3709 636 3754 sectatur
652 3717 689 3759 ις
740 3705 861 3754 alienum
880 3705 966 3755 otium
984 3719 1116 3768 suumque
1127 3706 1149 3752 1>
1162 3703 1278 3753 aliarum
1297 3705 1396 3753 artium

204 3772 349 3835 siuequer
417 3772 623 3832 2udeloctantr
705 3774 885 3834 3adiuuatp
969 3775 988 3828 ‚4
1006 3777 1035 3822 et
1053 3774 1139 3836 primo
1157 3769 1269 3834 locop'
1288 3787 1396 3836 quoquo

204 3839 317 3889 locor*
386 3841 671 3905 5quasapientia1>
739 3841 829 3904 ipsam
847 3843 934 3891 omli
1003 3840 1184 3890 uaIItudinem
1203 3840 1252 3887 Π
1320 3842 1396 3889 dar-

204 3907 296 3956 dorem
315 3907 465 3957 febriumr
533 3910 727 3958 immototusn
780 3911 916 3973 Ipaucos
934 3910 982 3971 qui
1000 3922 1138 3969 mecump
1190 3907 1422 3957 Soonferemus‘

204 3976 339 4041 ‘Riecnrd
358 3993 374 4024 a
389 3978 474 4038 prima
491 3981 579 4026 nzanu’
649 3975 844 4027 9ualitudinis
863 3978 911 4025 Π
963 3975 1194 4041 inexsuperabilis
1210 3978 1273 4030 Βτς
1325 3977 1398 4025 exie-

203 4045 285 4091 retV
390 4047 420 4094 lo
439 4045 463 4093 si
481 4045 714 4094 tantumMVFD
738 4044 857 4097 Riecard.
876 4045 1020 4095 Gutunoeus
1039 4046 1081 4093 sin
1100 4048 1207 4093 tantum
1226 4058 1243 4091 a
1261 4043 1285 4091 si
1304 4047 1397 4092 tamen

139 4111 149 4120 '
202 4124 238 4171 pr
302 4113 332 4160 13
351 4111 379 4159 id
393 4127 457 4176 ergo
476 4117 510 4174 p*
530 4113 645 4162 ideor*
698 4114 731 4161 14
748 4128 811 4162 nam
830 4116 885 4161 iam
904 4113 1047 4177 impetui>
1076 4125 1312 4176 ‘praecurrerer
1365 4113 1396 4160 16

203 4178 394 4241 inpenderev
462 4181 539 4230 vitae
557 4196 603 4230 om.
622 4181 645 4228 V
714 4180 858 4229 eonsilium
875 4184 1017 4245 suscipere
1034 4183 1100 4242 spa
1152 4182 1182 4230 17
1202 4184 1245 4228 est
1264 4181 1351 4229 onai>

206 4248 236 4295 18
254 4247 332 4296 nobis
350 4262 398 4299 om.
415 4259 450 4302 τς
519 4248 683 4312 tandemque
701 4247 773 4297 hanc
792 4249 1003 4298 sollicitudinem
1022 4250 1062 4297 Dr
1131 4251 1162 4298 19
1181 4252 1295 4296 eruatr
1363 4251 1396 4298 23

204 4314 334 4363 distinam
361 4317 416 4363 MV
518 4318 552 4364 ‘24
574 4316 738 4365 laetioribus
760 4317 887 4370 ΗΠΒς
909 4317 1054 4367 latioribus
1072 4330 1110 4377 pa
1132 4316 1329 4365 lectionibusr
1381 4354 1384 4359 f

203 4383 345 4446 scripseris
364 4382 527 4433 confusioni
544 4386 565 4432 F
583 4385 702 4436 Hiccard.
773 4387 806 4434 25
824 4384 954 4433 solatium
971 4387 1023 4433 m·
1093 4385 1216 4448 querisr

271 4451 363 4501 XXIII
382 4467 417 4500 ex
433 4453 455 4499 1>
473 4468 523 4502 non
536 4453 670 4515 adscripta
687 4459 725 4501 est
744 4448 919 4516 discrepantia
936 4458 1095 4517 scrr'pturoe:
1122 4453 1156 4514 cf.
1170 4467 1251 4514 supra
1268 4469 1308 4516 ep.
1328 4457 1346 4501 8

204 4520 235 4567 27
254 4517 417 4567 POMPEIO
435 4519 596 4570 FALCONI
614 4521 695 4581 Fpra
712 4519 896 4570 FALCONIO
914 4523 969 4569 HV
1037 4521 1079 4570 28
1089 4519 1234 4584 Consulias
1254 4536 1289 4568 au
1306 4522 1333 4567 11

204 4586 305 4634 debere
324 4587 405 4634 ΜΠ·
424 4588 543 4636 Riccord.
562 4588 696 4637 edocere
714 4601 748 4649 pr
816 4590 848 4638 29
867 4590 913 4652 qui
932 4601 1025 4638 esser
1076 4593 1191 4652 putasp
