3024 5062
483 296 727 341 nrrsrrunamu
751 297 773 341 1.
797 292 820 338 s.
845 288 879 353 (a.
895 288 937 351 911
1264 279 1299 340 11

106 451 249 535 riterque
272 453 304 513 et
325 449 385 513 tibi
416 449 541 512 veniam
570 448 739 512 recusandi
767 448 885 512 laboris
914 451 947 512 et
973 448 1051 511 mihi
1080 448 1228 532 exigendi
1252 470 1301 511 ve-

105 553 296 618 recundiam
327 549 496 622 sustulisti.
540 573 616 614 nam
648 572 709 614 nec
735 572 786 613 me
818 549 928 614 timide
960 550 1008 613 uti
1036 551 1128 614 decet
1155 572 1191 613 eo
1219 549 1332 633 quod2

106 655 252 719 oblatum
280 657 329 718 est
355 675 416 717 nec
444 655 476 717 te
504 652 633 736 gravari
655 652 738 735 quod
767 652 989 736 depoposcisti.
1034 673 1100 716 non
1122 654 1171 715 est
1193 653 1302 714 tamen

106 756 192 840 quod
215 757 256 819 ab
278 755 408 819 homine
431 755 587 818 desidioso
615 754 735 838 aliquid
757 754 831 818 novi
854 754 959 837 operis
982 757 1140 837 expectes.
1185 753 1301 836 petitu-

79 880 163 921 srus
185 880 255 921 sum
278 857 364 920 enim
386 860 423 920 ut
444 878 553 919 rursus
581 877 674 919 vaces
703 856 859 938 sermoni,
890 877 984 939 quem
1012 854 1095 938 apud
1123 855 1301 938 municipes

106 981 195 1024 meos
224 957 321 1021 habui
347 957 574 1022 bibliothecam
608 957 821 1021 dedicaturus.
866 957 997 1021 memini
1025 957 1152 1041 quidem
1178 960 1211 1020 te
1238 957 1332 1020 iam3

107 1061 266 1146 quaedam
288 1060 469 1142 adnotasse,
493 1058 548 1123 sed
563 1058 774 1143 generaliter:
796 1059 868 1122 ideo
890 1081 978 1123 uunc
1000 1080 1078 1144 rogo
1101 1062 1137 1121 ut
1151 1080 1218 1123 non
1232 1061 1302 1121 tan-

105 1168 176 1226 tum
198 1161 401 1226 universitati
424 1161 491 1226 eius
514 1161 678 1243 adtendas,
700 1161 926 1225 verumetiam
949 1160 1123 1243 particulas
1145 1183 1207 1244 qua
1222 1159 1303 1223 soles

105 1265 185 1328 lima
206 1263 419 1348 persequaris,
450 1263 512 1326 erit
526 1263 613 1326 enim
635 1267 668 1327 et
688 1265 762 1346 post
777 1263 1032 1326 emendationem
1055 1263 1191 1326 liberum
1209 1261 1302 1325 nohis

18 1413 23 1420 .
65 1386 90 1424 10
105 1367 157 1431 vel
190 1366 355 1450 publicare
387 1365 437 1429 vel
466 1366 642 1429 continere.
687 1365 889 1449 quinimmo
916 1365 1052 1429 fortasse
1081 1364 1165 1428 hanc
1199 1365 1331 1453 ipsam4

105 1468 347 1532 cunctationem
376 1470 520 1531 nostram
552 1468 588 1530 in
621 1466 809 1530 alterutram
841 1468 1036 1531 sententiam
1072 1466 1302 1530 emendationis

103 1571 190 1634 ratio
205 1570 350 1652 deducet,
375 1590 456 1652 quae
471 1572 528 1632 aut
542 1568 712 1653 indignum
728 1569 877 1652 editione,
902 1570 977 1632 dum
992 1569 1119 1652 saepius
1134 1570 1300 1651 retractat,

105 1673 263 1754 inveniet,
287 1675 344 1736 aut
365 1672 515 1757 dignum,
538 1672 613 1734 dum
635 1671 668 1734 id
691 1672 796 1754 ipsum
820 1673 993 1756 experitur,
1018 1671 1148 1735 efficiet.
1194 1672 1331 1754 quam-5

103 1796 203 1858 quam
224 1774 317 1838 huius
340 1773 555 1838 cunctationis
577 1794 665 1836 meae
687 1794 800 1837 causae
821 1796 887 1837 non
910 1778 977 1837 tam
997 1774 1031 1837 in
1055 1773 1182 1855 scriptis
1205 1795 1301 1856 quarn

66 1898 90 1935 1⁵
104 1877 140 1940 in
163 1876 235 1960 ipso
257 1877 412 1940 materiae
428 1897 545 1960 genere
562 1874 752 1940 consistunt.
784 1878 832 1940 est
854 1877 939 1939 enim
954 1875 1049 1959 paulo
1072 1875 1162 1959 quasi
1185 1874 1300 1958 glorio-

103 1978 171 2042 sius
194 1979 228 2042 et
250 1977 381 2042 elatius:
409 1977 556 2040 onerabit
578 1977 639 2040 hoc
660 1977 849 2041 modestiam
871 1981 1030 2058 nostram,
1059 1977 1185 2040 etiamsi
1208 1976 1300 2041 stilus

103 2082 173 2164 ipse
196 2101 325 2163 pressus
341 2080 557 2162 demissusque
572 2079 679 2161 fuerit,
703 2082 873 2162 propterea
895 2080 975 2164 quod
1002 2079 1146 2163 cogimur
1168 2101 1239 2143 cum
1262 2079 1300 2143 de

103 2181 328 2245 munificentia
350 2185 519 2264 parentum
542 2183 724 2245 nostrorum
747 2184 816 2244 tum
839 2183 876 2246 de
898 2185 1009 2245 nostra
1032 2181 1206 2265 disputare.
1244 2183 1330 2246 anfi

105 2306 180 2368 ceps
203 2283 258 2348 hic
281 2286 313 2346 et
333 2282 475 2347 lubricus
497 2282 585 2347 locus
609 2286 667 2365 est,
692 2283 789 2346 etiam
812 2305 883 2348 cum
905 2283 954 2346 illi
980 2284 1165 2358 necessitas¹
1184 2282 1300 2346 lenoci-

64 2408 89 2446 ro
103 2389 212 2450 natur.
259 2385 379 2449 etenim
400 2387 428 2449 si
456 2384 579 2448 alienae
606 2406 729 2468 quoque
757 2385 864 2450 laudes
892 2407 1006 2468 parum
1034 2385 1142 2468 aequis
1172 2384 1301 2448 auribus

104 2487 208 2571 accipi
238 2486 360 2570 solent,
392 2509 488 2571 quam
516 2486 646 2550 difficile
676 2490 725 2550 est
752 2488 896 2551 obtinere
924 2509 966 2551 ne
993 2486 1127 2550 molesta
1155 2486 1301 2551 videatur
1382 2558 1385 2564 ,

103 2589 208 2654 oratio
237 2589 276 2653 de
304 2610 337 2652 se
365 2592 422 2652 aut
451 2588 489 2652 de
516 2589 581 2652 suis
609 2589 819 2653 disserentis?
854 2612 931 2679 nam
960 2611 1032 2653 cum
1054 2589 1117 2673 ipsi
1138 2589 1254 2652 honest
1274 2589 1301 2652 ti
1340 2599 1342 2602 ’

103 2694 173 2755 tum
207 2691 371 2775 aliquanto
402 2690 506 2774 magis
536 2691 658 2774 gloriae
692 2691 759 2754 eius
793 2691 1087 2775 praedicationique
1120 2691 1300 2755 invidemus

104 2797 201 2877 atque
230 2815 268 2856 ea
296 2793 422 2856 demum
450 2795 536 2856 recte
565 2788 653 2856 facta
680 2794 785 2858 minus
816 2794 1038 2877 detorquemus
1068 2796 1100 2857 et
1129 2794 1298 2877 carpimus,

64 2916 89 2954 a
102 2916 186 2978 qnae
208 2894 244 2957 in
266 2893 463 2958 obscuritate
486 2897 518 2957 et
540 2894 668 2969 silentio
689 2899 898 2980 reponuntur.
939 2918 1001 2980 qua
1024 2917 1062 2958 ex
1086 2917 1181 2960 causa
1203 2888 1329 2980 saepe?

102 2998 332 3080 ipsemecum,
355 2996 491 3060 nobisne
506 2999 644 3080 tantum,
668 2997 821 3081 quidquid
841 3001 891 3063 est
911 2998 1007 3081 istud,
1032 2999 1235 3082 conposuisse
1258 3021 1300 3062 an

56 3127 59 3132 ·
103 3101 137 3163 et
159 3098 233 3162 aliis
256 3097 450 3162 debeamus?
481 3101 517 3162 ut
533 3099 637 3182 nobis,
662 3099 813 3163 admonet
833 3099 923 3184 illud,
947 3101 1031 3185 quod
1052 3100 1203 3184 pleraque
1219 3123 1299 3185 quae

103 3203 181 3264 sunt
203 3200 347 3284 agendae
369 3200 414 3263 rei
437 3201 618 3264 necessaria
640 3202 751 3266 eadem
773 3206 904 3285 peracta
919 3224 979 3266 nec
994 3202 1168 3266 utilitatem
1189 3213 1305 3287 parem

102 3323 165 3366 nec
186 3301 328 3386 gratiam
348 3302 500 3366 retinent.
546 3325 583 3366 ac
605 3325 646 3367 ne
668 3303 797 3389 longius
825 3304 970 3388 exempla
997 3307 1194 3389 repetamus,
1225 3306 1329 3389 quid8

61 3424 89 3463 so
103 3402 217 3467 utilius
239 3402 304 3466 fuit
325 3425 421 3487 quam
448 3404 686 3470 munificentiae
714 3406 872 3470 rationem
901 3407 998 3470 etiam
1026 3407 1100 3470 stilo
1127 3408 1300 3491 prosequi?

101 3526 161 3588 per
182 3503 245 3568 hoc
267 3505 352 3568 enim
375 3506 642 3591 adsequebamur,
665 3508 805 3592 primum
826 3511 862 3572 ut
883 3508 1027 3572 honestis
1051 3509 1298 3593 cogitationibus

101 3607 347 3690 immoraremur,
370 3607 484 3671 deinde
505 3611 541 3673 ut
562 3609 833 3692 pulchritudinem
856 3610 984 3674 illarum
998 3609 1144 3694 longiore
1158 3613 1300 3674 tractatu

171 3779 387 3845 3deposcisti1·
455 3782 595 3844 taputV
674 3781 911 3847 bbybliothecam
930 3784 984 3831 1111
1053 3784 1108 3832 iam
1127 3786 1155 3832 te
1173 3781 1231 3846 pr*

102 3847 359 3899 radnotassesrv
377 3851 489 3898 notasse
510 3852 608 3911 Fpra:
638 3851 840 3913 cs.11113,5
925 3853 941 3901 8
965 3866 1034 3914 quas
1057 3851 1129 3901 soles
1153 3852 1196 3914 Vp
1220 3892 1227 3905 .
1283 3855 1312 3902 9>

101 3916 207 3967 linear
278 3919 309 3966 12
328 3915 467 3979 reducetp
538 3920 569 3966 13
587 3917 649 3967 dum
668 3924 694 3968 et
716 3919 835 3984 ipsumr
900 3919 1055 3983 ‘experietur
1072 3921 1100 3968 Μ
1170 3919 1200 3968 15
1220 3921 1299 3984 quasi

101 3998 181 4047 onap
254 3986 285 4034 16
303 3989 330 4034 et
347 3984 447 4034 elatius
465 3986 538 4033 urr
557 3986 700 4036 Gutanoeus
718 4002 734 4034 a
752 3993 778 4036 et
795 3987 880 4036 latius
899 3988 945 4041 Vq
962 3992 989 4034 et
1009 3988 1145 4049 clariusp
1231 3986 1294 4053 hoo]

102 4052 170 4102 haec
188 4054 243 4115 pr*
325 4055 356 4103 17
376 4052 468 4102 fuerat
486 4068 595 4118 pressus
614 4054 801 4119 demissusque
819 4069 836 4104 a
915 4054 1100 4118 dimissusque
1119 4055 1240 4107 Riccurd.
1258 4055 1298 4104 di·

102 4120 281 4185 misusqueV
368 4122 400 4170 19
418 4126 444 4170 et
463 4137 543 4173 urar
627 4121 670 4171 illi
688 4137 767 4173 om.r
851 4123 1026 4172 lenocinatur
1044 4125 1125 4172 ΠΕ
1143 4122 1263 4173 Riccard.
1282 4140 1299 4172 a

101 4205 274 4256 lenocinetur
290 4218 325 4266 pr
394 4208 426 4255 20
445 4206 582 4255 alienasr
649 4209 680 4255 21
701 4208 824 4272 optinere
843 4208 923 4255 ΜΠ
988 4224 1023 4257 ne
1042 4207 1225 4258 molesterN
1243 4225 1298 4258 mo-

102 4275 220 4325 lestati
291 4275 323 4321 22
341 4276 410 4332 cum]
432 4279 506 4323 estr
575 4277 607 4324 23
627 4275 809 4338 aliquandop
878 4279 911 4324 24
929 4275 1036 4325 demum
1055 4291 1120 4324 ear
1170 4277 1298 4340 26111111-

101 4342 164 4409 quid
181 4340 341 4408 (quidquid¹
357 4357 425 4393 corr.
451 4341 579 4406 quicquid
601 4344 638 4405 Μ)
667 4348 709 4393 est
731 4344 806 4394 istud
828 4344 933 4397 HVFS
960 4342 1090 4408 quicquid
1113 4347 1155 4392 est
1179 4343 1246 4393 illud
1264 4359 1299 4406 pr

101 4410 232 4477 quicquid
250 4408 321 4459 illud
340 4415 383 4459 est
400 4423 417 4458 a
485 4413 516 4461 27
536 4419 670 4472 ammonet
687 4412 708 4458 F
788 4411 857 4461 illud
876 4410 961 4475 (istud
978 4411 1004 4475 a)
1025 4427 1131 4476 quoque
1151 4411 1221 4475 quod
1238 4426 1299 4474 psa

168 4481 202 4530 29
222 4494 257 4528 ac
276 4492 311 4526 ne
328 4480 355 4525 Η
381 4477 528 4528 Beroaldus
546 4493 562 4526 a
590 4484 619 4527 at
640 4494 706 4528 ner
735 4485 782 4528 aut
800 4494 833 4528 ne
850 4480 907 4542 Fp:
936 4485 983 4530 aut
1000 4495 1034 4528 ne
1054 4480 1161 4544 longius
1180 4483 1213 4532 al.
1231 4498 1296 4531 nean.

101 4549 196 4598 detrita
213 4554 303 4598 cetere
321 4547 453 4609 scriptura
471 4548 493 4595 V
558 4549 590 4597 32
609 4547 736 4611 dehincr
805 4552 897 4597 tractu
914 4561 930 4610 p
