3024 5062
617 252 858 301 eluecvurous
875 250 915 298 15.
932 249 971 298 rc.
1326 241 1386 304 331

197 408 300 473 cendi.
336 408 515 493 cognovisti
536 428 594 491 per
616 406 778 491 stipendia
793 408 901 472 decem
916 428 1020 473 mores
1036 409 1198 494 gentium,
1220 409 1389 492 regionum

198 511 295 593 situs,
313 507 571 594 opportunitates
585 510 744 592 locorum,
765 512 799 573 et
812 509 968 574 diversam
985 532 1137 594 aquarum
1154 512 1295 596 caelique
1311 516 1389 575 tern-

197 612 317 695 periem
339 615 376 676 ut
397 613 520 696 patrios
541 610 648 676 fontes
662 612 865 695 patriumque
886 612 973 676 sidus
995 612 1079 676 ferre
1102 613 1279 677 consuesti.⁴
1313 634 1388 697 quo·
1477 692 1479 695 Ι

196 714 281 780 tiens
304 736 416 799 equos,
439 713 736 798 quotiens‘emerita
759 735 848 776 arma
862 714 1010 777 mutasti!
1033 713 1141 778 veniet
1164 736 1240 799 ergo
1261 718 1388 798 ternpus

169 835 258 902 equo
279 817 400 902 posteri
422 816 524 880 visere
546 817 774 901 visendamque
799 816 925 880 tradere
947 816 1124 880 minoribus
1146 817 1211 880 suis
1234 806 1408 900 gestient

196 919 266 1003 quis
288 918 418 983 sudores
440 922 512 982 tuos
527 919 669 982 hauserit
686 941 832 1003 campus,
855 940 935 1002 quae
950 918 1140 983 refectiones
1162 920 1234 982 tuas
1250 919 1387 1004 arbores,

196 1043 277 1105 quae
299 1044 445 1086 somnum
467 1044 546 1086 saxa
572 1021 806 1105 praeterierint,
835 1020 918 1105 quod
946 1021 1081 1105 denique
1108 1023 1229 1085 tectum
1251 1041 1388 1104 magnus

195 1121 311 1207 hospes
333 1123 530 1208 impleveris,
554 1127 591 1187 ut
612 1125 690 1187 tuno
711 1123 773 1207 ipsi
795 1123 857 1187 tibi
882 1123 1064 1207 ingentium
1087 1123 1315 1186 ducumsacra
1337 1144 1388 1185 ve-

195 1224 294 1309 stigia
315 1226 416 1289 isdem
437 1225 473 1289 in
494 1226 573 1290 locis
594 1224 869 1289 monstrabantur.
901 1247 1010 1288 verum
1025 1224 1106 1288 haec
1128 1224 1220 1288 olim:
1241 1225 1276 1287 in
1297 1246 1388 1308 prae-

160 1349 185 1387 10
199 1326 304 1390 sentia
318 1326 462 1411 quidem,
486 1328 627 1412 quisquis
642 1326 738 1411 paulo
756 1327 911 1391 vetustior
925 1327 1032 1410 miles,
1056 1326 1109 1390 hic
1123 1329 1155 1390 te
1172 1326 1388 1390 commilitone

196 1430 355 1492 censetur.
386 1432 502 1513 quotus
518 1429 603 1493 enim
618 1429 752 1513 quisque
768 1430 856 1493 cuius
872 1431 907 1492 tu
923 1450 989 1492 non
1004 1431 1081 1492 ante
1104 1429 1277 1492 commilito
1292 1450 1388 1512 quam

197 1529 394 1614 imperator?
419 1530 496 1594 inde
525 1531 678 1614 estquod
700 1552 799 1615 prope
826 1551 936 1594 omnes
957 1530 1088 1594 nomine
1116 1530 1258 1614 appellas
1265 1564 1281 1613 ,·
1305 1531 1388 1613 quod

195 1632 396 1716 singulorum
417 1632 516 1696 fortia
538 1631 626 1696 facta
649 1653 891 1715 commemoras3
922 1654 982 1696 nec
1003 1631 1126 1696 habent
1148 1631 1388 1696 adnumeranda

195 1733 256 1797 tibi
277 1755 392 1817 prore
414 1733 544 1817 publica
565 1735 716 1817 vulnera,
749 1734 863 1818 quibus
886 1736 995 1797 statim
1019 1738 1051 1798 et
1072 1734 1220 1798 laudator
1241 1737 1274 1798 et
1294 1734 1387 1798 testis

156 1858 182 1898 15
196 1834 372 1920 contigisti.

280 1935 342 2002 sed
363 1940 456 2002 tanto
477 1938 582 2023 magis
597 1936 812 2022 praedicanda
834 1940 883 2001 est
897 1938 1072 2002 moderatio
1094 1941 1165 2021 tua,
1190 1940 1273 2023 quod
1294 1940 1438 2004 1111111-16

192 2039 290 2103 tritus
312 2038 435 2104 bellicis
457 2039 604 2103 laudibus
623 2061 736 2124 pacem
759 2061 847 2104 amas
867 2061 943 2123 nec,
968 2041 1042 2123 quia
1064 2041 1114 2105 vel
1135 2044 1227 2124 pater
1248 2041 1309 2105 tibi
1331 2041 1387 2104 tri-

194 2140 356 2225 umphalis
383 2142 434 2205 vel
462 2141 643 2225 adoptionis
671 2144 746 2205 tuae
768 2141 819 2205 die
842 2141 949 2205 dicata
971 2141 1153 2225 Capitolino
1174 2142 1243 2208 Iovi
1264 2142 1384 2226 laurus,

193 2242 313 2307 idcirco
342 2265 380 2307 ex
408 2244 574 2307 occasione
601 2244 688 2306 omni
716 2243 842 2327 quaeris
868 2242 1058 2327 triumphos.
1089 2265 1156 2308 non
1183 2245 1277 2308 times
1303 2245 1387 2308 bella

154 2367 255 2410 conec
277 2367 441 2429 provocas.
489 2367 643 2430 magnum
672 2348 736 2428 est,
770 2344 944 2427 imperator
966 2345 1128 2430 Auguste,
1161 2367 1315 2430 magnum
1338 2350 1388 2411 est

194 2451 281 2512 stare
302 2449 338 2512 in
359 2447 501 2513 Danubii
523 2448 609 2531 ripa,
633 2447 660 2509 si
682 2451 844 2529 transeas,
867 2450 988 2510 certum
1002 2447 1174 2532 triumphi,
1198 2469 1258 2512 neo
1280 2448 1386 2512 decer-

193 2551 264 2614 tare
292 2572 408 2634 cupere
436 2571 508 2613 oum
530 2549 763 2613 recusantibus.
798 2570 932 2632 quorum
955 2549 1090 2612 alterum
1111 2549 1318 2632 fortitudine,
1343 2550 1386 2612 al-

193 2653 299 2714 terum
320 2651 539 2716 moderatione
562 2651 711 2715 efficitur.
751 2672 826 2713 nam
854 2653 890 2714 ut
916 2651 985 2734 ipse
1007 2651 1090 2715 nolis
1112 2674 1257 2737 pugnare
1279 2651 1385 2715 mode·

194 2753 295 2836 ratio,
317 2753 472 2817 fortitudo
492 2756 550 2816 tua
564 2755 707 2836 praestat
729 2755 765 2816 ut
785 2773 888 2836 neque
910 2751 1018 2816 hostes
1039 2753 1088 2816 tui
1106 2753 1217 2817 velint.
1252 2754 1387 2837 accipiet

153 2883 181 2923 ee
194 2876 271 2939 ergo
294 2854 465 2938 aliquando
479 2854 681 2938 Capitolium
702 2875 768 2918 non
790 2853 934 2918 mimicos
957 2876 1067 2918 currus
1088 2877 1148 2919 neo
1168 2855 1269 2918 falsae
1292 2855 1387 2918 simu-

192 2957 282 3021 lacra
303 2956 470 3039 victoriae,
499 2957 553 3020 scd
581 2957 807 3039 imperatorem
829 2978 938 3020 veram
966 2979 1004 3021 ac
1026 2958 1159 3021 solidam
1181 2958 1317 3042 gloriam
1339 2979 1386 3022 re-

193 3059 377 3142 portantem
398 3059 668 3143 tranquillitatem
690 3060 811 3122 ettam
834 3059 979 3123 confessa
999 3059 1139 3124 hostium
1162 3060 1328 3144 obsequia,
1351 3066 1387 3124 ut

194 3160 369 3225 vincendus
391 3181 485 3224 nemo
503 3160 610 3224 fuerit.
645 3159 809 3243 pulchrius
821 3160 887 3224 hoc
907 3162 1054 3226 omnibus
1069 3162 1250 3246 triumphis.
1284 3184 1387 3246 neque

194 3263 280 3327 enim
307 3284 459 3346 umquam
485 3263 549 3326 nisi
578 3284 616 3326 ex
645 3264 830 3345 contemptu
857 3263 984 3346 imperii
1011 3264 1113 3328 nostri
1129 3263 1258 3327 ,factum
1280 3267 1329 3327 est
1350 3267 1388 3328 ut

153 3396 179 3435 ³0
193 3364 402 3429 vinceremus.
443 3363 554 3448 quodsi
577 3363 646 3447 quis
674 3363 829 3427 barbarus
851 3386 908 3428 rex
930 3387 967 3429 eo
989 3365 1181 3430 insolentiae
1208 3366 1386 3450 furorisque

263 3712 278 3759 1
296 3709 492 3775 regionumque
511 3708 581 3758 situs
599 3709 833 3773 opportunitatem
851 3707 971 3758 locorum
989 3710 1012 3758 A
1080 3713 1096 3760 6
1115 3711 1162 3776 qui
1180 3710 1294 3761 sudores
1312 3710 1386 3759 LA.

193 3778 331 3828 Ernestiue
412 3776 521 3826 auserit
537 3793 605 3826 corr.
625 3777 750 3826 hauserit
766 3779 784 3826 b
802 3777 910 3827 auxerit
927 3793 996 3827 corr.
1014 3777 1139 3828 hauserit
1157 3777 1172 3840 β
1241 3781 1256 3829 7
1275 3783 1385 3842 praete-

192 3847 304 3897 xuerint
323 3845 450 3896 Gesnerua
534 3845 623 3910 8ipsi
640 3861 687 3895 om.
705 3845 729 3893 Α
813 3859 894 3894 sacra
912 3846 1000 3898 om.A
1069 3849 1101 3896 10
1119 3842 1175 3912 hic]
1195 3846 1285 3910 bpcB
1355 3849 1385 3895 11

194 3918 325 3964 censetur
341 3914 426 3963 Abod
444 3917 591 3962 censentur
609 3929 677 3963 corr.
698 3915 828 3963 censetur
846 3911 861 3974 β
930 3913 1045 3979 quisque
1063 3914 1148 3962 ebed
1167 3913 1290 3978 quisquis
1309 3914 1323 3976 β

193 3981 371 4032 121111111εὰ
439 3983 471 4030 13
489 3978 552 4046 nec]
572 3980 661 4046 hpcB
729 3980 814 4030 habet
832 3994 866 4028 ac
937 3982 968 4030 rt
986 3983 1079 4032 statim
1097 3980 1302 4037 laudatorBd5
1353 3983 1387 4030 16

192 4053 272 4100 tanto
290 4065 337 4102 om.
355 4051 412 4099 eod.
433 4049 538 4101 Medici.
557 4061 574 4104 ς
668 4052 711 4099 111
727 4048 950 4114 praedicandad
1070 4051 1100 4100 17
1120 4048 1172 4098 tibi
1189 4065 1235 4099 om.
1254 4063 1268 4098 c
1355 4051 1387 4099 18

193 4118 416 4183 adoptationIsb
536 4119 568 4165 21
588 4120 692 4166 certum
715 4116 845 4181 triumphi
862 4117 902 4166 Bc
929 4121 1034 4167 certum
1060 4117 1267 4180 triumphumA
1295 4121 1386 4168 certus
1455 4120 1461 4131 '

191 4185 325 4250 triumphi
341 4185 358 4233 d
442 4187 476 4234 24
493 4185 649 4249 praestabit
666 4198 681 4233 c
767 4186 800 4235 25
818 4185 941 4236 mimicos
960 4186 1089 4235 Livineius
1107 4185 1232 4235 inimicos
1250 4186 1318 4235 ase
1336 4185 1387 4235 ini-

194 4267 264 4318 quos
282 4255 299 4303 d
315 4254 411 4303 inanes
430 4264 447 4306 ς
532 4253 797 4318 1611111111»-
815 4257 974 4318 reportante
992 4252 1252 4318 tranquillitatem
1270 4256 1387 4317 impera-

193 4329 252 4371 tore
270 4346 303 4356 -
321 4325 480 4386 reportante
499 4337 597 4385 pacem
616 4319 850 4385 tranquillitatem
869 4321 1038 4386 Cuspiniunus
1118 4336 1151 4370 ac
1170 4321 1288 4371 solidam
1305 4322 1387 4372 Bacd

193 4395 223 4440 et
241 4387 399 4440 solidamA
465 4391 498 4439 27
518 4394 546 4438 et
565 4395 658 4439 tamen
676 4389 805 4440 confessa
822 4390 867 4444 Βς
934 4387 1061 4454 hostium]
1085 4389 1255 4439 hominumc
1308 4391 1387 4440 obse·

193 4457 260 4522 quia
277 4461 308 4508 ut
325 4456 479 4507 uincendus
495 4458 541 4512 Ας
566 4457 682 4522 obsequi
709 4456 798 4522 (sequi
819 4473 888 4508 corr.
907 4461 941 4508 αἱ.
960 4474 1025 4512 man.
1045 4457 1159 4522 obsequi
1176 4454 1204 4523 b)
1228 4463 1276 4509 aut
1293 4458 1386 4509 incen-

192 4525 248 4577 diis
265 4526 306 4575 Bd
324 4525 456 4589 obsequia
473 4524 609 4576 incendiis
628 4540 641 4574 c
710 4528 743 4576 29
761 4525 847 4575 uestri
862 4526 880 4574 b
