3024 5062
450 256 695 305 aursnuuaaun
710 259 799 306 vnn.
824 255 864 303 37.
888 255 929 303 aa
951 256 992 304 so.
1251 245 1315 310 265

119 409 266 494 partibus
293 409 396 475 locem
423 431 460 473 ac
488 409 602 477 deinde
631 432 669 474 ex
696 411 775 475 meis
799 412 921 497 aliquos
949 413 1054 497 operis
1077 415 1241 478 exactores
1264 436 1316 478 cu-

120 511 227 577 stodes
248 511 407 576 fructibus
429 534 557 596 ponam.
589 515 622 576 et
644 512 762 597 alioqui
777 514 901 577 nullum
923 513 1037 579 iustius
1058 513 1161 599 genus
1182 515 1314 598 reditus,

120 633 216 700 quam
244 615 327 699 quod
353 617 440 679 terra
467 613 590 678 caelum
611 636 715 678 annus
737 615 845 679 refert.
885 619 920 680 at
941 613 1001 679 hoc
1034 638 1185 701 magnam
1206 616 1347 701 fidem‚4

121 715 205 781 acris
233 715 356 799 oculos,
390 737 575 780 numerosas
602 738 716 780 manus
743 716 857 800 poscit.
900 718 1124 802 experiendum
1146 721 1256 783 tamen
1279 724 1312 784 et

95 818 215 904 squasi
241 819 277 882 in
305 817 405 883 veteri
433 819 543 882 morbo
577 817 737 902 quaelibet
763 819 950 883 mutationis
984 818 1101 883 auxilia
1128 821 1317 905 temptanda

122 923 207 986 sunt.
243 919 331 984 rides
359 941 455 1003 quam
482 940 548 983 non
576 919 712 983 delicata
740 941 790 983 me
818 942 914 984 causa
936 921 1023 986 obire
1045 921 1182 1005 primum
1206 923 1346 988 consu-5

121 1023 207 1086 latus
235 1020 285 1085 tui
312 1021 395 1085 diem
417 1042 484 1085 non
506 1020 607 1102 sinat,
635 1042 728 1105 quem
756 1024 865 1088 tamen
887 1022 941 1088 hic
963 1045 1086 1108 quoque
1108 1027 1144 1088 ut
1165 1045 1317 1108 praesens

122 1124 206 1188 votis
229 1122 346 1208 gaudio
369 1121 586 1207 gratulatione
610 1122 787 1187 celebrabo
817 1124 898 1188 vale.

629 1290 812 1356 XXXVIII.

87 1427 111 1468 ιο
441 1413 472 1464 c.
492 1412 639 1464 ruimus
659 1412 866 1465 suruaunro
887 1413 956 1466 suo
975 1415 1001 1466 s.

189 1548 191 1552 ⁴
208 1531 281 1617 Ego
295 1551 370 1596 vero
384 1528 507 1595 Rufum
521 1531 666 1594 nostrum
687 1529 796 1614 laudo,
820 1530 976 1615 nunquia
997 1533 1033 1595 tu
1055 1534 1091 1596 ut
1112 1532 1157 1597 ita
1178 1533 1319 1599 facerem

124 1633 251 1719 petisti,
275 1633 331 1698 sed
353 1631 427 1716 quia
449 1634 497 1695 est
518 1631 573 1696 ille
596 1630 813 1715 dignissimus.
842 1631 908 1717 legi
923 1633 1009 1697 enim
1030 1632 1149 1697 librum
1170 1635 1318 1700 omnibus

124 1735 266 1802 numeris
294 1733 490 1816 absolutum,
525 1733 574 1797 cui
602 1732 738 1798 multum
766 1733 850 1818 apud
878 1755 928 1797 me
956 1734 1081 1817 gratiae
1110 1757 1198 1800 amor
1218 1736 1318 1820 ipsius

125 1837 253 1903 adiecit.
288 1836 427 1901 iudicavi
455 1839 579 1900 tamen:
608 1856 711 1919 neque
734 1835 820 1899 enim
842 1834 902 1899 soli
923 1834 1068 1900 iudicant
1094 1837 1149 1920 qui
1176 1837 1318 1924 maligne

91 1939 250 2026 relegunt.
282 1938 364 2004 vale.

622 2104 823 2170 XXXVIIII.

475 2228 505 2279 c.
524 2227 670 2280 ruimus
692 2227 832 2279 musmo
853 2228 922 2279 suo
941 2227 968 2280 a.

209 2345 426 2431 Haruspicum
439 2344 565 2409 monitu
578 2344 750 2410 reficienda
765 2346 814 2408 est
828 2343 908 2409 mihi
931 2345 1023 2409 aedes
1040 2344 1164 2412 Cereris
1179 2346 1214 2412 in
1228 2347 1347 2433 prae-1

126 2450 187 2515 diis
208 2449 245 2513 in
266 2447 378 2513 melius
402 2450 434 2512 et
455 2447 491 2511 in
505 2446 622 2529 maiuS,
644 2448 735 2511 vetus
757 2469 834 2511 sane
857 2450 889 2512 et
905 2450 1059 2532 angusta,
1084 2470 1157 2512 oum
1178 2449 1222 2513 sit
1243 2450 1319 2514 alio-

91 2551 181 2636 aoqui
204 2540 289 2614 stato
311 2549 361 2613 die
383 2548 651 2632 frequentissima.
691 2570 767 2612 nam
788 2548 893 2612 idibus
917 2547 1157 2632 Septembribus
1180 2543 1348 2636 magnus2

127 2677 144 2720 e
172 2652 305 2737 regione
332 2653 400 2715 tota
428 2649 492 2714 coit
518 2649 672 2734 populun,
707 2649 826 2713 multae
853 2671 904 2714 res
932 2652 1089 2733 aguntur,
1118 2651 1219 2716 multa
1246 2656 1320 2719 rota

126 2754 361 2838 suscipiuntur,
384 2752 485 2816 multa
500 2751 686 2815 redduntur.
716 2750 769 2813 sed
786 2750 910 2814 nullum
930 2752 965 2815 in
980 2752 1126 2836 proximo
1147 2754 1319 2838 suffugium

127 2860 183 2923 aut
203 2855 316 2920 imbris
338 2855 394 2919 aut
415 2853 501 2918 solie.
531 2853 639 2917 videor
661 2873 738 2935 ergo
752 2852 902 2917 munifice
925 2853 1020 2917 simul
1041 2853 1251 2939 religioseque
1272 2854 1348 2920 far-3

128 2962 251 3039 cturus,
274 2956 302 3020 si
318 2956 427 3021 aedem
442 2976 538 3039 quam
553 2953 800 3039 pulcherrimam
815 2956 992 3039 extmxero,
1014 2955 1163 3020 addidero
1178 2957 1320 3040 porticus

88 3079 116 3121 as
129 3061 199 3126 aedi
206 3107 228 3145 ,-
244 3058 335 3123 illam
357 3059 397 3122 ad
418 3079 511 3122 usum
533 3057 626 3140 deae,
655 3056 713 3120 has
743 3055 782 3120 ad
804 3056 980 3122 hominum.
1017 3058 1112 3122 velim
1134 3079 1211 3143 ergo
1234 3079 1320 3122 emas

127 3163 280 3248 quattuor
294 3181 487 3225 marmoreas
508 3158 686 3242 columnae,
711 3158 799 3222 cuius
821 3157 881 3222 tibi
896 3158 1056 3225 videbitur
1070 3161 1210 3246 generis,
1234 3182 1320 3225 emas

127 3285 302 3347 marmora,
332 3262 446 3346 quibus
469 3261 586 3345 solum,
616 3261 730 3345 quibus
751 3261 890 3344 parietes
913 3261 1107 3326 excolantur.
1139 3262 1201 3326 erit
1222 3261 1351 3327 etiam4

126 3367 178 3433 rel
199 3365 383 3431 faciendum
404 3362 455 3431 vel
475 3364 645 3438 ¹emendum
667 3364 768 3448 ipsius
790 3364 867 3427 deae
890 3363 1033 3448 signum,
1057 3363 1132 3448 quia
1154 3363 1321 3448 antiquum

197 3642 320 3693 lloocm
338 3652 376 3696 ςιι
393 3639 483 3691 locum
500 3641 563 3702 Dpr
630 3654 665 3689 ac
682 3637 779 3701 indep
849 3642 993 3690 exactores
1018 3638 1096 3704 operi
1112 3653 1129 3687 a
1181 3638 1321 3689 2nullum

129 3713 210 3763 istius
227 3723 244 3773 p
265 3709 358 3760 nullus
376 3708 494 3759 istiusll
580 3711 596 3758 3
613 3705 713 3772 annus]
735 3706 822 3756 amnis
840 3717 879 3769 ps
936 3710 966 3756 at
982 3706 1034 3756 hoc
1052 3707 1198 3757 Coronaeus
1216 3706 1251 3756 ad
1268 3707 1321 3757 hoc

128 3782 212 3844 Dpra
280 3777 386 3828 4aoris
403 3788 439 3831 τς
457 3776 546 3826 aereis
564 3789 581 3824 a
598 3776 671 3826 aeris
688 3777 730 3838 up
800 3774 1044 3840 exprImendump
1097 3774 1203 3825 'Idiem
1221 3789 1320 3826 nomen

130 3850 206 3899 sinat
222 3849 267 3908 Dp
336 3848 352 3897 8
371 3844 472 3913 gaudio
490 3856 529 3899 §a
546 3843 654 3909 gaudeo
671 3845 735 3905 Dpr

196 3947 344 4000 XXXVIII
371 3949 400 3997 11
428 3946 528 3998 Rufum
554 3949 678 3996 nostrum
704 3945 787 3997 laudo
804 3962 860 3997 non
886 3947 952 4011 quia
968 3957 1026 4002 rsa
1051 3944 1141 3995 rufum
1168 3957 1223 3992 non
1240 3941 1321 3994 laudo

131 4019 194 4084 qula
210 4017 232 4066 n
250 4015 349 4066 ruffum
372 4015 454 4066 lando
472 4030 526 4065 non
545 4016 642 4079 quiap
728 4020 759 4066 tu
776 4015 816 4064 ita
834 4019 865 4064 ut
883 4014 1005 4064 facerem
1022 4027 1058 4076 pr
1128 4013 1158 4060 12
1176 4009 1226 4060 ille
1245 4016 1321 4074 estp

172 4144 175 4148 .
198 4099 358 4150 XXXVIIII
376 4101 408 4150 18
425 4099 587 4164 Aruspicum
605 4100 820 4163 ;a.arispicum
838 4096 861 4147 r‘
874 4099 1062 4163 Harispumll
1086 4095 1287 4160 Pauruspicum
1305 4111 1321 4158 p

196 4169 303 4220 monitu
321 4183 367 4218 om.
385 4168 429 4229 Dp
498 4167 574 4217 aedis
593 4167 694 4216 cereris
712 4168 733 4214 o
753 4166 837 4216 aedes
856 4168 975 4216 caeteris
993 4181 1009 4228 p
1079 4167 1110 4215 19
1129 4164 1158 4212 in
1176 4161 1273 4212 melius
1291 4164 1320 4212 in

131 4238 219 4288 maius
236 4249 265 4298 p:
284 4239 312 4286 et
329 4237 358 4284 in
376 4237 464 4285 maius
481 4249 527 4284 om.
547 4235 569 4281 11
631 4235 662 4285 19
681 4233 784 4298 alioqui
802 4237 877 4284 stato
894 4246 953 4288 τςο,
972 4233 1077 4298 aliquid
1095 4247 1156 4282 cum
1174 4231 1260 4281 statio
1277 4233 1320 4294 Dp

197 4307 231 4355 20
250 4303 413 4368 septembris
432 4314 468 4357 τς
526 4303 560 4351 24
578 4303 603 4352 si
621 4301 683 4351 aedi
700 4316 780 4366 quam
798 4301 1009 4367 pulcherrimam
1029 4304 1172 4351 extruxere
1192 4297 1320 4349 addidero

131 4373 251 4438 porticus
268 4369 346 4421 illam
364 4382 381 4425 ς
449 4367 544 4420 eedem
563 4384 580 4418 a
598 4370 712 4420 eandem
734 4371 795 4431 apr
862 4371 896 4421 25
914 4369 978 4420 aedi
995 4365 1083 4433 illam]
1105 4365 1270 4418 sedulamll

130 4443 161 4491 27
181 4441 235 4491 erit
254 4439 339 4489 etiam
361 4436 406 4488 uel
429 4437 585 4487 faciendum
608 4439 653 4488 uel
676 4438 818 4488 emendum
841 4438 928 4504 ipsius
947 4453 963 4486 a
987 4439 1039 4487 eril
1059 4436 1141 4487 etiam
1165 4434 1322 4486 faciendum

131 4507 304 4578 (faciundum
320 4505 366 4574 pr)
384 4507 472 4572 ipSIus
489 4507 552 4568 Ilpr
