3024 5062
499 250 741 299 PANEGYRICUS
756 248 798 297 42.
821 248 862 297 ra.
885 248 926 296 44.
1245 238 1306 303 351

117 424 183 467 non
206 403 362 487 scriptuS,
386 402 488 468 hereo.
527 426 594 468 non
621 406 657 468 tu
678 404 786 488 falsis,
816 425 882 469 non
904 407 940 468 tu
962 405 1080 489 iniquis
1111 406 1230 471 tabulis
1253 407 1306 471 ad·

116 506 251 570 vocaria
274 505 392 569 nullius
415 506 455 569 ad
476 509 510 569 te
532 506 715 590 iracundia,
745 505 864 570 nullius
886 506 1050 591 impietas,
1078 508 1197 573 nullius
1218 505 1308 575 friror

119 607 280 692 confugit3
313 629 373 672 nec
405 608 480 691 quia
512 609 645 673 offendit
674 608 771 692 aliua,
806 609 1019 693 nuncuparis,
1054 611 1110 674 sed
1128 612 1212 695 >qiua
1238 612 1307 695 ipse

116 710 271 773 menristi.
316 709 464 773 scriberis
491 710 532 773 ab
561 711 687 794 amicis,
723 710 763 774 ab
789 710 911 794 ignotis
937 712 1137 797 praeteririe,
1164 713 1308 798 nihilque

91 811 202 876 cinter
223 811 385 894 privatum
408 813 440 875 et
461 812 640 897 principem
662 812 814 898 interest,
837 812 901 876 nisi
917 813 1000 897 quod
1015 836 1101 878 nunc
1124 836 1142 878 a
1163 804 1307 900 pluribus

117 913 249 978 amaris:
272 935 348 976 nam
370 916 402 977 et
423 913 530 997 plures
559 936 658 980 amas.
709 916 801 999 tene,
831 913 964 1000 Caesar,
993 915 1080 981 hunc
1103 938 1246 1001 cursum,
1275 921 1308 982 et

116 1014 305 1100 probabitur
319 1015 552 1100 experimento,
576 1016 660 1081 sitne
674 1016 812 1081 feracius
835 1019 868 1080 et
881 1017 1009 1081 uberius
1032 1040 1096 1083 non
1120 1019 1160 1082 ad
1182 1019 1308 1083 laudern

116 1117 209 1181 modo
237 1117 292 1182 sed
325 1118 365 1182 ad
392 1119 562 1202 pecuniam
594 1119 748 1203 principi,
778 1119 805 1183 si
827 1118 943 1183 herede
971 1119 1027 1184 illo
1054 1119 1135 1184 mori
1163 1119 1307 1185 homines

116 1218 234 1303 velint,
264 1241 359 1303 quam
388 1221 415 1284 si
443 1223 610 1306 cogantur.
653 1221 786 1287 donavit
812 1225 905 1306 pater
932 1225 1005 1286 tuus
1032 1221 1149 1306 mulia,
1180 1224 1307 1307 etipse

79 1339 104 1379 ro
119 1321 255 1386 donasti.
282 1322 413 1387 cesserit
427 1345 540 1407 parum
562 1327 691 1410 gratus:
714 1326 848 1389 manent
869 1327 980 1388 tamen
1001 1324 1025 1387 ii
1047 1326 1101 1408 qui
1123 1325 1215 1388 bonis
1239 1325 1306 1390 eius

115 1423 291 1508 *nihilque
325 1447 363 1489 ex
390 1424 455 1489 illie
483 1425 523 1489 ad
551 1429 584 1491 te
610 1426 674 1490 nisi
702 1425 806 1510 gloria
833 1425 927 1490 redit.
972 1447 1048 1489 nam
1081 1425 1307 1491 liberalitatem

115 1526 335 1591 iucundiorem
364 1527 488 1591 debitor
515 1531 642 1613 gratae,
675 1528 841 1592 clariorem
863 1528 1011 1612 ingratus
1033 1527 1122 1592 facit.
1160 1529 1308 1612 sedquis

117 1631 193 1693 ante
214 1631 246 1692 te
267 1628 394 1695 laudem
415 1630 510 1694 istam
532 1631 688 1714 pecuniae
715 1629 892 1715 praetulit?
920 1632 1035 1714 quotue
1066 1630 1198 1714 quisque
1221 1632 1308 1714 prin-

117 1732 223 1815 cipum
250 1752 292 1794 ne
318 1731 352 1794 id
379 1731 506 1815 quidem
533 1733 568 1796 in
595 1733 797 1817 patrimoniis
824 1732 942 1796 nostrie
971 1753 1062 1795 suurn
1085 1732 1190 1815 duxit,
1224 1732 1308 1816 quod

79 1849 102 1889 1⁵
117 1836 202 1898 esset
223 1833 261 1896 de
284 1833 363 1897 suo?
385 1855 492 1899 nonne
514 1838 551 1898 ut
565 1855 677 1920 regum
692 1835 739 1899 ita
754 1835 927 1900 Caesarum
942 1855 1076 1898 munera
1097 1833 1205 1898 inlitos
1229 1834 1308 1899 cibis

116 1934 245 2018 hamur,
274 1937 401 2019 opertos
429 1936 548 2020 praeda
569 1935 699 2021 laqueos
723 1936 981 2021 aemulabantur,
1011 1957 1082 2000 curn
1105 1936 1238 2019 privatis
1260 1935 1307 2000 fa-

117 2037 288 2102 cultatibus
310 2037 397 2101 velut
417 2038 532 2102 hausta
554 2041 587 2103 et
609 2038 823 2122 multiplicata
845 2041 931 2103 retro
945 2060 1050 2103 secum
1066 2037 1218 2122 quidquid
1234 2038 1306 2102 atti-

116 2143 234 2223 gerant
255 2138 436 2203 referrent?

201 2241 302 2316 Quam
329 2240 407 2305 utile
437 2245 485 2305 est
513 2243 553 2306 ad
574 2264 666 2307 usum
689 2244 898 2311 secundorum
926 2265 984 2328 per
1005 2243 1137 2307 adversa
1165 2241 1360 2310 venisse144

78 2343 224 2408 revixisti
246 2343 428 2427 nobiscum,
451 2344 651 2428 periclitatus
675 2365 723 2428 es,
745 2346 897 2429 timuisti,
922 2367 1003 2430 quae
1024 2348 1103 2412 tunc
1126 2347 1196 2408 erat
1217 2344 1308 2408 inno-

117 2445 259 2510 centium
281 2445 357 2509 vita.
388 2446 450 2510 scis
467 2449 499 2510 et
521 2440 670 2531 expertus
687 2468 729 2531 ee,
747 2451 867 2531 quanto
882 2469 976 2532 opere
993 2448 1193 2511 detestentur
1207 2446 1307 2510 malos

115 2547 277 2632 principes
306 2548 403 2611 etiam
432 2549 486 2632 qui
512 2549 613 2613 malos
640 2548 780 2613 faciunt:
808 2549 983 2613 meministi
1011 2570 1092 2633 quae
1119 2551 1231 2632 optare
1253 2569 1308 2611 no-

116 2650 255 2731 biscum,
283 2671 364 2734 quae
386 2650 430 2714 sie
458 2651 547 2733 queri
570 2651 692 2715 solitus.
730 2672 804 2714 nam
833 2651 959 2735 privato
985 2650 1102 2714 iudicio
1129 2649 1308 2733 principem

116 2753 219 2837 geria,
248 2752 412 2816 meliorem
439 2752 535 2816 immo
557 2757 590 2817 te
611 2755 773 2837 praester,
803 2773 898 2836 quam
920 2751 980 2816 tibi
1003 2751 1100 2815 alium
1121 2752 1306 2834 precabare.

78 2871 104 2911 25
116 2857 225 2939 itaque
248 2856 294 2920 sic
316 2855 431 2920 imbuti
453 2877 561 2920 sumus
583 2857 635 2940 ut,
658 2856 771 2940 quibus
794 2858 864 2920 erat
885 2875 1008 2919 summa
1030 2857 1175 2918 votorum
1196 2854 1309 2918 melior

116 2958 256 3041 pessimo
277 2957 442 3043 princepe,
466 2958 530 3022 iam
551 2979 617 3023 non
639 2958 796 3042 possimus
817 2958 881 3022 nisi
904 2958 1059 3041 optimum
1081 2956 1175 3021 ferre.
1214 2977 1308 3021 nemo

188 3287 201 3334 1
220 3284 301 3334 heres
321 3299 350 3334 es
368 3285 497 3334 Liuineio
576 3287 592 3334 3
612 3283 736 3348 confugit
753 3284 816 3333 Acri
838 3282 955 3347 contigit
971 3284 991 3332 11
1077 3282 1308 3334 41111111111οτΔ

187 3355 285 3403 61111111
303 3368 349 3402 om.
368 3366 389 3401 c.
405 3353 520 3416 fortasse
539 3367 602 3402 nam
621 3351 726 3417 etipse
744 3352 837 3417 plures
856 3365 933 3400 amas
1017 3349 1104 3416 pluris
1123 3367 1200 3402 amaa
1219 3353 1241 3400 A

118 3420 264 3471 touched
282 3424 347 3471 tune
366 3421 386 3469 11
405 3423 482 3471 tenea
501 3422 558 3474 cod.
576 3421 683 3470 Medioi
702 3431 719 3474 ς
788 3422 817 3468 ct
834 3419 996 3484 probabitur
1015 3421 1184 3484 Coepinianue
1202 3424 1230 3470 et
1247 3436 1308 3486 pro-

117 3490 193 3539 biter
209 3488 276 3537 nne
294 3492 322 3539 et
339 3489 471 3553 probetur
488 3489 505 3536 (1
527 3494 555 3540 et
572 3489 703 3554 probatur
726 3490 782 3538 cori.
800 3487 908 3538 Medici.
928 3498 945 3541 ς
1063 3490 1080 3538 8
1097 3487 1221 3538 homines
1239 3491 1309 3538 mori

117 3556 225 3607 uellent
242 3558 265 3606 Δ
283 3556 406 3607 homines
424 3558 493 3608 mori
509 3556 599 3608 uelint
615 3556 671 3607 A²a
762 3559 778 3606 9
796 3571 875 3620 quam
893 3556 918 3606 ai
936 3558 982 3620 qui
999 3556 1078 3607 bonis
1096 3557 1151 3606 tuie
1169 3555 1309 3620 nichilque

118 3640 153 3675 ex
170 3623 227 3675 illis
244 3628 334 3675 lacuna
352 3633 472 3691 quotlrwr
488 3641 601 3676 verenam
617 3633 678 3690 poet
694 3625 718 3674 ei
735 3628 857 3675 relictae
927 3673 929 3677 ,
977 3624 1075 3684 muita,
1098 3623 1186 3674 multa
1204 3626 1308 3690 etipse

118 3693 233 3745 donasti
249 3693 274 3743 I.
286 3694 321 3744 A.
339 3694 475 3744 Ernccliuc
528 3697 560 3744 10
578 3693 710 3744 cesserint
727 3709 822 3758 parum
840 3693 927 3758 gratis
944 3692 1074 3744 Livineius
1092 3692 1197 3758 ceperit
1213 3708 1309 3757 parum

119 3768 217 3827 gratus
235 3763 354 3826 Lipsiae.
364 3763 479 3826 fortasse
499 3763 615 3813 cesserit
632 3777 728 3827 parum
747 3765 826 3827 grate
945 3765 1059 3813 manent
1076 3765 1169 3811 tamen
1186 3761 1207 3809 ii
1225 3757 1266 3826 (hi
1283 3759 1309 3824 ri)

119 3830 168 3896 qui
186 3829 265 3880 bonis
285 3831 343 3881 eiua
361 3830 488 3894 nihilque
505 3832 544 3880 bd
561 3834 655 3881 manet
673 3835 767 3880 tamen
783 3829 814 3879 hi
831 3830 879 3893 qui
896 3829 976 3880 bonis
999 3830 1059 3880 eius
1076 3828 1201 3893 nihilque
1219 3828 1234 3889 β
1253 3844 1309 3879 ma·

119 3903 189 3949 nent
215 3899 268 3948 tibi
295 3899 317 3948 ii
343 3899 389 3963 qui
416 3899 495 3948 bonis
523 3899 582 3949 ciue
607 3897 729 3962 nihilque
747 3899 771 3947 Δ
795 3903 907 3948 manent
932 3901 1026 3949 tamen
1047 3898 1069 3947 ii
1088 3897 1134 3961 qui
1152 3896 1232 3946 bonis
1250 3897 1309 3947 eius

119 3966 248 4016 fruantur
265 3966 389 4030 nihilque
411 3967 553 4017 Gaianaeur
570 3971 683 4016 manent
700 3972 793 4016 tamen
810 3967 831 4015 ii
849 3968 897 4030 qui
909 3967 988 4016 bonis
1007 3967 1064 4017 tuis
1082 3966 1209 4015 fruuntur
1227 3964 1310 4014 nihil·

120 4050 174 4100 que
192 4036 322 4085 Livineius
339 4038 452 4085 manent
469 4039 563 4085 tomen
582 4049 671 4098 aeque
689 4034 718 4083 in
740 4034 821 4084 bonis
843 4036 901 4084 eiua
923 4035 1047 4099 nihilque
1066 4033 1235 4084 Mommecnue
1252 4048 1308 4083 rna·

118 4107 188 4154 nent
206 4107 298 4153 tamen
317 4104 360 4154 aui
377 4104 406 4151 in
424 4103 504 4153 bonis
522 4104 581 4154 ciue
599 4101 722 4167 nihilque
741 4102 891 4153 Duebncros
960 4105 991 4152 12
1004 4102 1113 4153 debitor
1130 4117 1176 4152 om.
1194 4115 1208 4149 c
1278 4102 1309 4152 15

120 4171 192 4223 cibis
209 4171 292 4220 Baod
310 4172 372 4221 cibo
391 4187 459 4223 corr.
481 4171 550 4221 cibis
567 4169 590 4220 Δ
710 4172 741 4220 16
759 4168 868 4237 hamos]
882 4185 958 4221 arnor
977 4171 991 4232 β
1112 4172 1144 4221 17
1161 4169 1264 4219 hausta
1281 4173 1310 4220 et

117 4239 264 4305 implicata
282 4256 296 4289 e
314 4240 401 4290 codice
423 4241 521 4291 Veneto
539 4238 698 4290 Sciworziue
726 4243 808 4288 aucta
827 4242 856 4289 et
872 4238 1059 4304 multiplicata
1077 4239 1206 4288 Livineius
1225 4241 1309 4287 auctu

119 4314 150 4358 et
169 4306 339 4371 amplificata
358 4307 482 4357 Gruterus
562 4309 594 4357 19
613 4306 649 4358 ad
666 4320 745 4357 naum
763 4308 805 4356 Bi
823 4307 857 4357 ad
874 4321 939 4356 uena
956 4305 997 4356 Ac
1082 4309 1114 4356 21
1135 4306 1310 4356 detestentur

118 4378 184 4427 Ano
202 4376 377 4425 detestantur
395 4376 409 4438 β
428 4379 567 4426 testentur
583 4377 600 4424 (1
668 4378 700 4426 22
719 4377 861 4427 uobiscum
879 4377 895 4424 b
939 4373 944 4383 ’
964 4377 996 4425 23
1014 4375 1111 4425 solitus
1129 4374 1214 4423 Abeo
1232 4373 1309 4424 solli-

119 4447 194 4496 citus
212 4444 227 4505 β
296 4460 368 4494 nunc
386 4445 493 4509 priuato
511 4444 612 4495 iudicio
630 4445 758 4494 Livineius
776 4460 838 4507 qam
857 4443 961 4509 priuati
983 4443 1086 4493 iudicio
1104 4444 1209 4507 Lipsius
1277 4444 1310 4492 24

118 4529 203 4579 quam
222 4511 274 4563 tibi
291 4511 408 4575 A²ssccd
426 4527 505 4577 quem
524 4514 603 4563 tibib
623 4528 676 4577 que
694 4512 747 4562 tibi
764 4514 786 4561 A
837 4514 870 4561 26
888 4515 1021 4577 possimus
1034 4514 1091 4567 οᾱς
1109 4509 1309 4576 possumusAB
