3024 5062
648 302 858 367 PRAEFATIO.
1264 300 1352 347 XXIX

154 460 224 545 stat
246 458 297 523 vel
319 479 390 522 eum
413 457 463 522 his
486 458 583 522 etiam
605 457 756 542 princeps
779 456 829 540 (p)
853 456 885 518 et
905 452 1051 519 Romana
1071 451 1117 539 (r)
1141 451 1238 516 editio
1259 451 1351 536 iacit,

154 560 212 624 ille
243 581 417 625 consensus
450 562 631 645 suspectam
664 558 769 623 reddit
796 556 872 621 Aldi
904 556 1010 620 fidem.
1047 553 1101 618 ubi
1130 574 1205 618 vero
1232 554 1352 618 Aldina

157 664 320 747 scriptura
333 663 430 727 etiam
452 662 593 727 ineditis
617 663 714 725 antea
726 658 961 742 exemplaribus
972 659 1017 740 (ς)
1035 657 1208 739 invenitur,
1225 677 1295 720 eam
1313 676 1352 719 ex

155 764 208 828 his
229 765 336 849 potius
359 786 454 849 quam
477 786 493 828 e
515 763 598 828 libro
625 785 725 827 manu
753 761 873 846 scripto
895 759 1030 844 petitam
1053 779 1121 822 esse
1144 760 1266 822 certum
1287 760 1351 822 est:

156 890 190 951 p.
216 866 325 949 170,6
346 877 380 931 ut
401 888 439 931 ne
459 869 586 931 Robusti
606 870 735 945 quidem.
758 868 955 943 experiamur
978 859 1178 945 (eaperamur
1191 859 1235 945 D)
1252 869 1351 925 tamen

156 978 258 1045 MDp
280 975 396 1033 utinam
418 989 456 1032 ne
478 973 609 1033 Robusto
631 973 708 1032 idem
730 972 936 1045 experiamur.
966 973 1064 1027 tamen
1085 985 1103 1025 1·
1125 969 1240 1027 minam
1262 982 1300 1026 ne
1320 968 1351 1025 in
1373 1025 1376 1029 ,

157 1073 292 1135 Robusto
312 1075 393 1133 idern
415 1076 622 1150 experiamur.
652 1079 752 1133 tamen
776 1088 835 1140 aa:
869 1066 940 1150 174,
967 1065 1005 1128 17
1034 1069 1122 1129 homo
1147 1070 1304 1141 munificus
1325 1073 1354 1128 et

157 1178 285 1236 innoxie
291 1176 691 1251 popularisMDprhomo
702 1176 860 1246 munificus
871 1178 900 1232 et
908 1171 1055 1232 innoxiae
1061 1171 1352 1246 popularitatisra:

160 1273 233 1356 176,
255 1273 273 1336 7
290 1279 376 1337 cuius
392 1279 422 1337 in
445 1279 513 1338 sinu
532 1280 568 1350 ht
591 1272 674 1356 (sinit
694 1272 766 1355 Dp)
789 1293 856 1336 cum
872 1275 1005 1334 maxime
1020 1278 1129 1348 portus
1142 1277 1245 1344 MDp
1266 1273 1353 1333 cuius

159 1381 191 1438 in
213 1381 283 1439 sinu
305 1379 559 1454 amphitheatrum
581 1397 599 1437 1·
620 1380 707 1438 cuius
729 1379 761 1437 in
783 1379 852 1437 sinu
868 1382 980 1452 portus
1002 1375 1084 1435 uelut
1098 1373 1353 1449 amphitheatrum

158 1498 220 1549 aa:
246 1474 352 1558 1832
374 1483 429 1554 qui
448 1498 487 1539 an
511 1481 632 1540 omnino
654 1485 812 1538 accusetur
832 1481 978 1538 incertam
998 1481 1042 1536 est
1067 1479 1126 1534 111·
1148 1477 1220 1549 quia
1235 1477 1354 1535 nomino

159 1587 321 1641 accusetur
342 1583 488 1640 incertum
513 1576 655 1660 (inertum
678 1579 720 1658 D)
743 1586 786 1639 est
806 1584 865 1651 Dp
892 1582 946 1653 qui
969 1594 1028 1653 quo
1055 1578 1175 1637 nomine
1195 1583 1354 1638 accusetur

159 1687 307 1744 incertum
329 1690 373 1742 est
394 1699 448 1751 ga.
492 1678 587 1762 plura
617 1678 712 1742 etiam
736 1677 920 1741 coniectura
948 1675 1016 1738 eius
1038 1674 1092 1758 qui
1114 1674 1267 1738 Aldinam
1289 1674 1353 1739 edi·

158 1780 282 1845 tionem
305 1780 428 1843 curavit
450 1801 516 1843 non
538 1778 767 1863 praeeuntibus
790 1777 861 1841 aliis
883 1779 1009 1842 mutata
1030 1778 1120 1859 sunt,
1148 1798 1229 1860 quae
1251 1776 1352 1841 maxi-

156 1885 245 1945 'mam
268 1884 392 1965 partem
416 1881 455 1944 od
479 1880 689 1945 elocutionem
717 1882 750 1944 et
772 1882 965 1944 structuram
987 1878 1155 1942 verborum
1177 1878 1352 1961 pertinent,

158 1985 193 2047 in
217 2004 280 2068 quo
302 2003 421 2067 genere
442 1982 554 2060 multa,
579 2004 661 2066 quae
682 1981 788 2045 minus
811 1981 928 2045 usitate
951 1979 1037 2043 dicta
1059 1999 1128 2042 esse
1150 1978 1351 2063 videbantur,

159 2085 200 2148 ab
223 2085 279 2148 illo
300 2087 425 2148 mutata
448 2086 539 2166 sunt,
563 2087 600 2148 ut
620 2107 652 2168 p.
679 2083 748 2167 152,
773 2084 792 2147 3
821 2094 854 2147 ut
878 2088 1008 2161 primum
1030 2086 1089 2145 sibi
1107 2092 1193 2144 aetas
1214 2085 1353 2145 iudicare

156 2193 297 2266 permisit
317 2207 377 2270 pro
399 2198 432 2250 ut
458 2194 589 2265 primum
615 2190 673 2250 sibi
697 2189 838 2248 iudicare
853 2188 1008 2262 permisit:
1039 2181 1109 2263 160,
1136 2183 1152 2244 1
1181 2193 1351 2247 cunctatus-

158 2310 217 2368 que
238 2310 296 2373 pro
318 2299 490 2353 cunctatus:
526 2289 596 2370 164,
620 2287 661 2351 28
695 2294 725 2351 in
759 2293 848 2351 siccis
875 2292 978 2349 arenis
1004 2288 1158 2349 detinebat
1184 2305 1243 2368 pro
1264 2292 1353 2350 siccis

158 2396 284 2456 harenis
306 2395 470 2455 detinebat:
495 2389 565 2472 166,
590 2390 607 2453 7
631 2392 830 2453 accurrebant
849 2408 908 2472 pro
930 2391 1146 2452 occursabant:
1169 2384 1213 2448 ib.
1239 2386 1279 2450 14
1301 2393 1352 2451 de

158 2513 214 2557 nec
236 2499 275 2556 de
295 2497 447 2556 auunculo
469 2497 591 2555 nuntius
618 2498 736 2555 ueniret
760 2510 819 2573 pro
846 2495 941 2554 donec
968 2493 1006 2551 de
1034 2493 1186 2553 auunculo
1214 2495 1352 2554 nuntius:

160 2593 232 2677 169,
254 2594 296 2658 25
318 2601 375 2658 iter
393 2596 504 2670 fecisse
525 2613 583 2675 pro
605 2598 663 2655 iter
678 2598 848 2671 perepisse:
881 2591 954 2671 207,
981 2589 1020 2654 16
1048 2600 1095 2666 ut,
1125 2596 1212 2668 siqua
1234 2611 1274 2655 ex
1294 2596 1352 2656 hoc

159 2700 278 2759 inuidia
300 2701 373 2772 erit,
397 2715 456 2758 non
481 2704 534 2757 tua
556 2704 672 2757 tantum
694 2700 733 2756 sit
747 2713 806 2776 pro
829 2703 875 2765 ut,
898 2698 985 2771 siqua
1001 2712 1041 2755 ea
1063 2696 1120 2756 hoc
1141 2696 1268 2764 inuidia,
1292 2714 1350 2757 non

159 2807 275 2861 tantum
298 2806 362 2860 tua.
400 2795 455 2859 sed
477 2795 621 2878 quamvis
644 2793 817 2858 manifesta
843 2793 938 2857 huius
965 2793 1050 2857 modi
1079 2792 1232 2877 exemplis
1253 2794 1351 2879 pluri·

159 2899 220 2962 mia
241 2896 449 2981 interpolatio
478 2896 627 2960 editionis
657 2897 715 2978 sit,
744 2898 821 2959 sunt
841 2898 949 2959 tamen
978 2894 1148 2980 inquibus
1175 2895 1255 2960 haee
1283 2897 1351 2961 sola

158 3021 268 3064 veram
290 2999 480 3082 scripturam
504 2997 669 3061 exhibeat:
699 2999 784 3061 unde
812 2999 946 3081 apparet
975 2996 1009 3060 in
1034 2996 1142 3061 codice
1164 3019 1226 3083 quo
1248 2998 1352 3062 editor

158 3122 235 3165 usus
257 3103 306 3164 est
327 3099 482 3183 quaedam
510 3121 591 3182 quae
617 3100 653 3162 in
681 3098 811 3182 reliquis
840 3098 987 3162 omnibus
1009 3098 1183 3183 depravata
1205 3103 1281 3164 sunt
1302 3101 1350 3165 in·

160 3204 311 3286 corrupta
337 3201 453 3282 fuisse,
484 3223 515 3284 p.
539 3200 612 3282 205,
640 3201 678 3264 13
710 3211 857 3278 praeerat
883 3205 953 3262 aiae
979 3206 1131 3264 miliariae
1157 3222 1178 3264 a
1201 3215 1352 3281 praeerat

159 3310 230 3368 alae
251 3309 415 3367 militariae
436 3311 488 3365 Dr
506 3312 656 3382 praeerat
677 3307 747 3364 aiae
768 3308 898 3365 militari
917 3309 1000 3376 Mp:
1023 3301 1154 3384 235,15
1176 3324 1247 3367 narn
1269 3310 1368 3383 quoa,

159 3411 199 3469 de
220 3412 340 3469 uiuente
360 3411 520 3484 scripturn,
551 3410 589 3468 de
611 3410 729 3468 uiuente
750 3409 908 3466 recitatum
935 3413 993 3478 est,
1025 3410 1055 3466 in
1077 3407 1254 3480 defunctum
1277 3415 1349 3485 quoi

159 3527 218 3586 que
239 3517 391 3586 tamquam
415 3513 562 3570 uiuentem
590 3511 692 3569 adhuc
718 3510 873 3581 editura,
905 3505 958 3568 ubi
987 3508 1025 3567 de
1051 3511 1170 3569 uiuente
1191 3514 1349 3572 recitatum

159 3629 222 3672 om.
245 3617 385 3684 MDpr:
418 3608 491 3686 237,
514 3608 555 3671 ’17
584 3614 643 3671 nisi
668 3618 743 3670 esset
767 3612 889 3684 peneris
916 3612 994 3682 eius,
1026 3615 1059 3669 ut
1084 3626 1175 3686 saepe
1202 3615 1347 3689 incipere,

158 3729 252 3789 saepe
272 3716 410 3772 desinere
431 3714 576 3772 uidentur
597 3730 617 3771 a
647 3716 708 3772 nisi
727 3720 802 3773 esset
820 3715 943 3787 peneris
964 3714 1027 3771 eius
1049 3718 1082 3771 ut
1102 3728 1192 3786 saepe
1214 3715 1350 3775 desinere

159 3815 303 3874 uideatur
324 3818 464 3885 MDpr:
492 3809 565 3892 252,
591 3810 610 3874 6
638 3817 744 3889 quihus
772 3817 863 3874 aliter
885 3816 1004 3887 ipnotus
1031 3819 1116 3874 esta
1143 3815 1250 3889 quihus
1271 3820 1350 3877 atter

159 3917 278 3989 ipnotus
299 3922 343 3976 est
362 3919 496 3988 MDpr.
535 3931 728 3995 quamquam
750 3933 788 3975 ea
810 3913 843 3975 et
869 3926 972 3994 pauca
1000 3913 1076 3975 sunt
1107 3915 1141 3976 et
1162 3913 1280 3995 partim
1303 3913 1349 3977 ita

159 4017 357 4097 comparata,
385 4016 421 4076 ut
448 4013 587 4077 dubitari
615 4013 733 4098 possit,
763 4015 870 4078 utrum
897 4034 972 4076 vera
993 4013 1152 4098 scriptura
1180 4013 1279 4078 codici
1307 4037 1349 4078 an

159 4114 361 4178 coniecturae
383 4114 512 4179 editoris
536 4114 697 4179 debeatur.

242 4216 363 4282 Verum
385 4217 610 4300 haecomnia,
635 4217 673 4282 de
696 4217 810 4301 quibus
832 4217 936 4282 adhuc
956 4218 1076 4282 dietum
1098 4221 1148 4283 est
1168 4218 1222 4283 vix
1243 4240 1350 4304 quem-

157 4339 253 4401 quam
274 4320 387 4383 fallere
408 4322 554 4404 possunt.
591 4320 694 4405 magis
717 4320 867 4405 ambigua
894 4322 970 4383 sunt
997 4319 1053 4384 illa
1075 4321 1110 4384 in
1132 4320 1245 4405 quibus
1267 4343 1350 4387 unus

157 4418 319 4485 Mediceus
343 4421 477 4486 codexa
499 4421 692 4507 reliquorum
707 4422 843 4487 lectione
859 4422 1017 4487 dissentit.
1056 4444 1131 4486 nam
1154 4444 1226 4487 eum
1247 4423 1349 4489 multa

158 4542 197 4584 ex
210 4523 358 4607 principe
374 4523 514 4590 editione
537 4526 575 4589 ad
600 4547 653 4589 eas
676 4547 756 4609 quae
770 4527 913 4611 proxime
928 4529 1057 4589 secutae
1079 4528 1155 4590 sunt
1169 4531 1349 4613 propagata
