3024 5062
203 243 266 308 368
725 258 755 307 c.
778 259 875 306 nunu

202 412 304 477 facias
326 412 389 476 ista
410 433 550 497 semper,
579 434 639 477 nec
666 434 816 497 umquam
838 410 872 475 in
894 410 956 476 hoc
978 431 1072 495 opere
1095 412 1151 474 aut
1173 410 1300 475 animus
1323 414 1398 476 tuus

205 516 261 578 aut
282 514 412 577 fortuna
433 513 581 580 lassetur.
619 515 674 578 des
705 536 801 599 quam
830 512 975 598 plurimis
996 514 1109 577 tertios
1137 512 1337 597 consulatus,
1367 516 1400 578 et

205 637 276 679 cum
303 614 449 700 plurimis
477 616 589 681 tertios
618 615 801 680 consulatus
829 615 970 699 dederis,
1000 636 1126 700 semper
1152 617 1263 679 tamen
1290 614 1399 700 plures

153 718 318 802 62quibus
351 717 467 782 debeas
500 718 576 782 dare
609 717 781 802 supersint.
824 716 967 780 omnium
1000 716 1126 801 quidem
1159 715 1397 801 beneficiorum,

204 842 285 905 quae
308 820 504 884 merentibus
526 819 727 903 tribuuntur,
750 840 815 884 non
839 819 878 883 ad
901 818 988 903 ipsos
1003 817 1155 903 gaudium
1176 819 1280 883 maius
1302 840 1425 903 quam5

160 932 164 944 “
205 921 245 986 ad
268 921 387 986 similes
410 920 583 1005 redundat,
611 921 782 1005 praecipue
809 924 927 985 tamen
940 942 979 985 ex
1000 919 1114 985 horum
1144 921 1312 985 consulatu
1334 942 1400 985 non

205 1023 245 1088 ad
266 1027 392 1108 partem
414 1023 553 1108 aliquam
576 1025 722 1106 senatus,
751 1021 806 1086 sed
835 1021 875 1087 ad
896 1025 999 1086 toturn
1022 1025 1170 1087 senatum
1192 1025 1286 1088 tanta
1308 1021 1399 1087 laeti-

204 1126 251 1191 tia
273 1125 435 1211 pervenit,
466 1128 502 1189 ut
524 1124 659 1190 eundem
682 1126 836 1189 honorem
858 1145 968 1188 omnes
996 1124 1058 1189 sibi
1086 1127 1119 1189 et
1146 1124 1270 1189 dedisse
1293 1127 1327 1188 et
1349 1146 1400 1188 ac·

206 1229 328 1312 cepisse
351 1227 529 1293 videantur.
566 1248 682 1311 nempe
705 1225 790 1291 enim
813 1225 846 1289 hi
875 1229 952 1290 sunt
972 1248 1050 1311 quos
1073 1230 1219 1310 senatus,
1248 1248 1320 1291 cum
1342 1249 1399 1310 pu·

204 1329 296 1394 blicis
318 1329 497 1414 sumptibus
518 1328 700 1393 minuendis
715 1328 869 1414 optimum
893 1349 1049 1412 quemque
1063 1328 1263 1413 praeficeret,
1287 1327 1397 1413 elegit,
1414 1350 1438 1390 ιο

206 1431 385 1516 etquidem
408 1431 537 1516 primos.
586 1429 647 1494 hoe
671 1432 720 1494 est
746 1428 862 1516 igitur,
896 1429 956 1494 hoe
983 1433 1032 1494 est
1058 1429 1142 1514 quod
1166 1430 1297 1515 penitus
1326 1429 1400 1495 illos

205 1534 312 1598 animo
335 1531 479 1598 (laeseris
502 1533 688 1618 insinuavit.
720 1553 762 1596 an
783 1554 897 1616 parum
920 1553 1014 1617 saepe
1037 1531 1160 1617 experti
1183 1553 1292 1597 sumus
1315 1530 1400 1597 hanc

206 1657 275 1701 esse
297 1658 404 1700 rerum
427 1634 663 1718 condicionem,
687 1636 724 1698 ut
745 1637 877 1698 senatus
898 1633 990 1698 favor
1033 1633 1119 1719 apud
1140 1632 1323 1718 principem
1345 1636 1401 1699 aut

204 1737 306 1822 prosit
333 1741 389 1802 aut
415 1735 554 1802 noceat?
587 1757 695 1800 nonne
716 1735 812 1821 paulo
835 1738 911 1800 ante
932 1735 1014 1800 nihil
1040 1735 1143 1821 magis
1171 1735 1302 1800 exitiale
1331 1738 1401 1800 erat

204 1861 301 1924 quam
322 1839 379 1903 illa
399 1838 556 1925 principis
580 1837 752 1924 cogitatio,
783 1837 883 1903 ‘hunc
912 1842 1042 1903 senatur
1069 1838 1202 1923 probat,
1230 1837 1285 1903 hic
1308 1859 1400 1902 sena·
1415 1859 1437 1898 15

205 1941 251 2005 tui
275 1963 367 2006 carus
390 1940 473 2005 est'?
500 1941 612 2005 oderat
634 1961 711 2025 quos
726 1961 784 2004 nos
801 1961 995 2025 amaremus,
1019 1939 1073 2004 scd
1096 1943 1129 2004 et
1150 1961 1208 2004 nos
1231 1962 1311 2025 quos
1333 1940 1398 2004 ille.

204 2064 292 2106 nunc
318 2043 403 2107 inter
429 2042 609 2127 principem
636 2045 845 2126 senatumque
872 2041 1053 2127 dignissimi
1082 2042 1233 2126 cuiusque
1262 2041 1399 2107 caritate

206 2148 357 2209 certatur.
399 2144 654 2208 demonstramus
681 2143 839 2227 invicem,
873 2142 1031 2208 eredimus
1060 2143 1214 2226 invicem,
1252 2144 1399 2229 quodque

204 2246 378 2310 maximum
401 2246 517 2310 amoris
540 2247 642 2310 mutui
664 2246 793 2332 signum
816 2248 880 2329 est,
910 2245 1038 2310 eosdem
1060 2267 1214 2310 amamus.
1251 2245 1397 2331 proinde,

204 2351 313 2433 patres
345 2348 534 2432 conscripti,
562 2348 668 2412 favete
695 2350 820 2433 aperte,
850 2345 975 2432 diligite
1003 2351 1199 2413 constanter.
1243 2369 1313 2413 non
1333 2347 1398 2412 iam
1411 2369 1434 2408 a

205 2449 452 2514 dissimulandus
474 2453 523 2515 est
545 2472 648 2534 amor,
672 2471 713 2514 ne
735 2452 866 2533 noceat3
889 2471 955 2512 non
977 2449 1186 2534 premendum
1209 2449 1334 2535 odium,
1358 2472 1398 2516 ne

203 2553 320 2637 prosit:
344 2552 452 2617 eadem
475 2550 593 2641 Caesar
619 2573 700 2636 quae
723 2555 853 2616 senatus
875 2551 992 2635 probat
1010 2552 1244 2638 improbatqua.
1274 2574 1331 2617 vos
1345 2551 1399 2616 ille

204 2656 405 2738 praesentes,
436 2676 489 2719 vos
512 2653 609 2719 etiam
637 2653 785 2718 absentes
807 2652 842 2717 in
865 2653 997 2718 oonsilio
1019 2653 1127 2719 habet.
1166 2655 1264 2720 tertio
1288 2676 1398 2721 eonsu-

203 2756 250 2820 les
271 2755 350 2820 fecit
371 2777 449 2841 quos
471 2777 527 2820 vos
555 2755 739 2840 elegeratis,
769 2758 802 2819 et
829 2754 906 2819 fecit
932 2754 994 2820 hoc
1021 2756 1148 2841 ordine,
1176 2778 1239 2841 quo
1263 2757 1358 2823 electi
1379 2780 1398 2821 a

204 2858 293 2923 vobis
316 2861 418 2922 erant.
456 2879 592 2944 magnus
606 2859 739 2942 uterque
760 2856 862 2921 honor
876 2858 998 2941 vester,
1022 2858 1089 2923 sive
1110 2858 1238 2924 eosdem
1259 2859 1429 2923 maximea

205 2958 325 3045 diligit,
348 2981 426 3044 quos
449 2961 510 3024 scit
531 2959 621 3024 vobis
643 2980 711 3024 esse
728 2958 924 3043 carissimos,
947 2959 1013 3025 sive
1035 2960 1099 3026 illis
1121 2960 1287 3026 neminem
1307 2983 1396 3045 prae-

204 3062 285 3146 fert,
320 3062 464 3146 quamvis
493 3061 631 3146 aliquem
659 3062 762 3146 magis
791 3065 885 3126 amet.
933 3062 1098 3148 proposita
1118 3066 1195 3128 sunt
1218 3063 1395 3128 senioribus

204 3164 361 3248 praemia,
384 3163 551 3227 iuvenibus
567 3162 727 3248 exempla:
750 3163 884 3247 adeant,
901 3163 1107 3248 frequentent
1122 3187 1251 3230 securas
1266 3164 1394 3230 tandem

206 3287 243 3330 ao
264 3268 413 3350 patentes
436 3266 559 3341 domos:
584 3265 726 3350 quisquis
748 3264 900 3349 probatos
922 3267 1049 3331 senatui
1070 3266 1155 3332 viros
1176 3268 1323 3352 suspicit,
1344 3266 1394 3331 hie

205 3456 406 3466 --—-—-·-—-

273 3580 286 3627 l
306 3590 491 3641 necunquam
509 3576 575 3625 Abd
592 3591 626 3625 ne
644 3589 765 3640 unquam
784 3575 819 3638 βο
913 3580 961 3626 tua
980 3580 1028 3625 aut
1046 3576 1157 3643 fortuna
1175 3579 1198 3627 Δ
1216 3581 1267 3628 tua
1285 3579 1391 3629 fortuna

204 3649 221 3696 d
288 3648 304 3695 2
322 3645 418 3695 tertios
435 3642 538 3693 mnas
555 3643 638 3695 tertio
655 3657 670 3692 c
687 3648 744 3692 tres
761 3644 784 3692 Δ
851 3647 879 3692 et
897 3658 958 3693 cum
975 3643 1099 3709 plurimis
1117 3647 1213 3695 tertios
1233 3647 1390 3698 consulatus

203 3733 251 3766 om.
270 3714 341 3777 ded,
360 3713 460 3764 add!
511 3712 611 3763 4dare
629 3711 709 3762 om.b
761 3708 894 3777 5maius]
915 3711 1035 3776 magisc
1085 3714 1150 3764 8et
1165 3715 1258 3778 priore
1276 3718 1332 3766 loco
1349 3731 1389 3766 oar.

202 3785 234 3847 Δ,
253 3785 313 3833 add.
332 3780 386 3831 Δί
439 3784 470 3831 10
483 3781 637 3831 minuendis
648 3780 689 3829 Bc
702 3779 855 3830 muniendis
873 3780 896 3828 Δ
913 3782 1042 3830 adsonis
1059 3797 1138 3846 marg.
1157 3781 1176 3831 l‘
1195 3779 1390 3834 innuendis1¹

204 3849 420 3902 inmuniendisd
471 3849 600 3914 optimum
614 3863 694 3912 quem
713 3847 864 3912 praeficere
882 3848 1027 3898 statuisset
1046 3848 1129 3914 elegit
1147 3851 1277 3916 equidem
1296 3852 1389 3917 primos

203 3922 260 3972 cod.
280 3920 385 3970 Medici.
455 3913 603 3983 quemque]
624 3915 741 3981 quemB
809 3915 972 3980 praeficeret
983 3917 1024 3965 Ac
1042 3915 1190 3982 perficeret
1208 3918 1247 3982 βᾶ
1264 3919 1388 3985 perficere

203 3991 219 4038 b
308 3989 338 4036 11
358 3991 385 4035 et
403 3987 514 4049 quidem
532 3987 633 4034 codices
656 3985 776 4034 Vaticani
793 3986 860 4034 1475
882 3991 908 4034 et
927 3987 993 4034 1775
1011 3992 1036 4035 et
1054 3986 1184 4037 Livineius
1202 3987 1332 4051 equidem
1348 3985 1388 4035 AB

204 4057 239 4106 ed
308 4056 338 4104 16
358 4069 424 4118 quos
443 4069 492 4104 uos
511 4067 666 4103 amaremus
683 4053 749 4108 Δᾱς
767 4067 835 4115 quos
853 4067 906 4101 non
925 4068 1079 4105 amaremus
1097 4052 1156 4103 Bao
1246 4058 1277 4106 17
1296 4055 1388 4122 princi·-

204 4140 253 4190 pes
270 4123 314 4171 Ad
383 4123 414 4173 18
432 4121 636 4172 demonstratur
653 4137 721 4175 corr,
740 4110 991 4172 demonstramusli
1062 4123 1093 4171 19
1112 4123 1200 4172 mutui
1219 4125 1361 4173 amorisd

203 4196 236 4242 20
256 4191 386 4241 foueteB
455 4193 485 4240 21
506 4195 548 4240 est
566 4204 647 4240 ome
715 4188 891 4254 promendum
909 4188 954 4239 Ad
1009 4191 1043 4239 24
1061 4205 1078 4239 a
1095 4190 1176 4240 nobis
1193 4208 1264 4242 corr.
1284 4207 1301 4242 a
1318 4190 1387 4242 uobis

202 4263 219 4309 b
287 4261 320 4309 25
338 4274 453 4324 magnus
472 4262 586 4323 uterque
604 4257 690 4308 honor
708 4258 805 4319 (honor
823 4256 1170 4318 casanatensem
1188 4275 1307 4326 magnus
1324 4266 1387 4310 nter·

204 4343 255 4393 que
276 4328 362 4377 honor
383 4326 493 4377 uidetur
510 4342 527 4375 a
549 4342 675 4390 magnum
699 4325 973 4392 utrumqueuidetur
997 4327 1139 4378 Catenaeus
1160 4342 1279 4393 magnus
1301 4328 1387 4392 utique

203 4396 289 4446 honor
307 4399 400 4444 uester
417 4397 522 4460 Lipsius
591 4395 622 4443 26
642 4394 720 4443 nobis
738 4395 780 4448 Βς
865 4395 895 4443 27
915 4394 1094 4460 prepositaB
1181 4389 1386 4462 28invenibus]

202 4463 355 4513 iunioribus
372 4477 386 4512 a
456 4465 632 4528 frequentent
649 4463 693 4511 Ad
711 4461 868 4526 frequentet
885 4477 899 4512 c
922 4465 1080 4528 frequenter
1095 4463 1139 4517 Βς
1226 4465 1260 4515 29
1279 4463 1387 4531 suspicit

203 4533 332 4583 Livineius
351 4534 467 4600 suscipit
484 4532 582 4595 aneu,
602 4533 670 4597 quod
687 4530 802 4594 defendit
820 4528 980 4582 Schwarzius
996 4532 1054 4582 coll.
1073 4548 1114 4597 ep.
1139 4532 1182 4582 VI
1199 4536 1225 4600 6,
1244 4536 1260 4582 9
