3024 5062
528 300 772 349 nrrsrunnnuu
797 302 857 348 vn.
879 296 920 346 as.
942 296 977 361 (a.
994 295 1052 362 rou)
1320 289 1383 353 203

191 452 382 519 dormiebat:
404 455 564 519 venerunt
584 474 642 538 per
660 453 819 519 fenestras
833 454 894 541 (ita
908 456 1034 541 narrat)
1047 455 1082 519 in
1093 457 1212 522 tunicis
1225 458 1306 522 albis
1322 458 1384 522 duo

190 555 423 642 cubantemque
450 556 665 621 detonderunt
698 559 730 620 et
757 577 820 640 qua
852 561 1010 621 venerant
1041 562 1252 623 recesserunt.
1298 560 1384 625 hunc

190 678 313 741 quoque
334 660 464 723 tonsum
485 679 674 743 sparsosque
697 657 782 722 clrca
805 658 936 742 capillos
952 658 1018 722 dies
1041 660 1191 725 ostendit.
1223 662 1306 725 nihil
1327 685 1383 726 no·
1395 663 1435 726 14

189 758 289 822 tabile
311 763 471 842 secutum,
494 760 559 825 nisi
580 760 664 824 forte
686 759 769 844 quod
791 782 858 825 non
878 760 926 824 fui
947 782 1035 842 reus,
1059 761 1201 845 futurus,
1226 764 1253 826 si
1276 762 1384 827 Domi-

164 861 313 944 5tianus,
337 862 397 925 suh
411 884 473 946 quo
487 862 568 927 haec
583 862 779 945 acciderunt,
803 861 921 925 diutius
936 862 1078 927 vixisset.
1117 886 1193 928 nam
1215 864 1250 928 in
1266 866 1384 929 scrinio

190 962 257 1026 eius
279 962 371 1027 datus
394 963 510 1030 aOaro
533 964 571 1028 de
586 985 637 1027 me
659 962 785 1028 libellus
806 964 958 1028 inventus
973 967 1037 1048 est3
1064 987 1102 1029 ex
1124 987 1187 1050 quo
1210 966 1383 1031 coniectari

188 1067 312 1148 potest,
335 1066 411 1149 quia
432 1072 494 1130 reis
509 1066 606 1130 moris
628 1069 677 1129 est
698 1065 896 1130 summittere
918 1066 1084 1151 capillum,
1108 1068 1226 1132 recisos
1240 1060 1384 1132 meorum

190 1166 323 1251 capillos
346 1167 468 1252 depulsi
491 1167 575 1252 quod
596 1167 785 1232 imminebat
799 1167 933 1252 periculi
955 1169 1084 1252 signum
1105 1169 1213 1234 fuisse.
1250 1171 1399 1254 proinde-

188 1289 268 1353 rogo
291 1269 502 1334 eruditionem
524 1272 613 1333 tuam
634 1269 795 1333 intendas
835 1269 934 1355 digna
962 1292 1012 1334 res
1036 1274 1085 1336 est
1106 1292 1201 1355 quam
1230 1272 1284 1335 diu
1305 1274 1435 1339 mul-15

153 1372 321 1456 ratumque
337 1372 532 1455 consideres,
555 1394 597 1436 ne
619 1393 679 1456 ego
694 1371 820 1456 quidem
843 1372 995 1457 indignus
1011 1373 1061 1437 cui
1084 1374 1208 1457 copiam
1230 1374 1383 1439 scientiae

189 1475 265 1537 tuae
286 1473 397 1538 facias.
430 1473 507 1537 licet
529 1474 626 1538 etiam
647 1476 815 1558 utramque
836 1474 872 1537 in
886 1477 1026 1558 partem,
1049 1477 1086 1539 ut
1108 1475 1189 1539 soles
1196 1525 1205 1559 ,
1229 1474 1382 1560 disputes,
1396 1478 1434 1543 16

191 1597 229 1639 ex
245 1576 348 1640 altera
368 1577 479 1640 tamen
500 1575 629 1659 fortius,
653 1597 759 1640 neme
775 1597 964 1660 suspensum
985 1576 1207 1661 incertumque
1228 1579 1384 1662 dimittas,

191 1699 264 1742 cum
285 1677 367 1741 mihi
389 1677 575 1742 consulendi
598 1678 818 1742 causa‘fuerit
839 1681 876 1741 ut
904 1678 1049 1742 dubitare
1077 1679 1266 1744 desinerem.
1302 1681 1383 1745 vale.

413 1928 416 1934 ,
709 1847 865 1913 nnvnr.

159 1977 180 2018 15
303 1984 305 1989 ·
525 1969 557 2021 C.
576 1970 725 2022 PLINIUS
744 1969 915 2022 SEPTIOIO
935 1969 1003 2020 SUO
1024 1970 1051 2021 S.

276 2085 335 2149 Ais
357 2086 511 2170 quosdam
533 2086 618 2169 apud
640 2088 672 2150 te
693 2084 949 2170 reprehendisse,
972 2090 1141 2171 tamquam*
1157 2088 1274 2152 amicos
1297 2090 1413 2154 mecsl

192 2209 230 2251 ex
252 2187 341 2251 omni
362 2187 529 2252 occasione
551 2188 636 2252 ultra
657 2188 786 2252 modum
808 2188 944 2252 laudem.
983 2202 1124 2279 agnosco
1153 2189 1289 2274 crimen,
1319 2192 1414 2256 am?

192 2290 316 2374 plector
338 2290 445 2354 etiam.
478 2290 554 2374 quid
577 2290 663 2354 enim
677 2289 843 2354 honestius
866 2289 959 2372 culpa
974 2290 1210 2374 benignitatis?
1232 2293 1285 2375 qui
1308 2295 1385 2357 sunt

193 2394 302 2456 tamen
323 2391 377 2455 isti
400 2392 455 2475 qui
478 2391 596 2456 amicos
618 2413 704 2455 meos
726 2391 839 2456 melius
860 2391 994 2456 norint?
1025 2392 1080 2455 sed
1102 2395 1139 2455 ut
1160 2394 1284 2476 norint,
1308 2395 1384 2478 quid

161 2510 182 2550 ²⁰
192 2493 339 2558 invident
359 2493 439 2557 mihi
459 2493 645 2558 felicissimo
668 2493 795 2557 errore?
816 2497 853 2557 ut
874 2493 960 2556 enim
982 2515 1048 2557 non
1071 2495 1138 2557 sint
1158 2495 1250 2578 tales,
1275 2496 1383 2579 quales

194 2618 277 2660 ame
292 2595 535 2680 praedicantur,
559 2616 619 2680 ego
633 2598 742 2659 tamen
752 2595 884 2672 heatus,
907 2595 990 2679 quod
1007 2596 1087 2660 mihi
1103 2595 1261 2660 videntur.
1285 2597 1414 2681 igitur3

194 2699 232 2761 ad
254 2697 335 2762 alios
356 2697 441 2761 hanc
463 2696 628 2761 sinistram
650 2696 851 2782 diligentiam
873 2698 1058 2781 conferant,
1086 2718 1147 2781 nec
1176 2701 1251 2761 sunt
1272 2720 1385 2782 parum

193 2799 286 2864 multi
313 2799 367 2883 qui
394 2820 524 2883 carpere
552 2799 670 2863 amicos
692 2821 764 2864 suos
786 2799 938 2863 iudicium
954 2802 1086 2863 vocant:
1109 2799 1189 2863 mihi
1210 2822 1385 2885 numquam

193 2900 430 2986 persuadebunt
451 2904 489 2965 ut
509 2922 597 2966 meos
619 2902 719 2966 amari
742 2924 761 2965 a
782 2923 833 2966 me
854 2902 991 2966 nimium
1011 2904 1130 2986 putem.
1162 2901 1241 2966 vale.

195 3128 397 3136 *-

265 3261 501 3315 ldo.miebatli
585 3264 744 3311 narraturr
816 3258 859 3328 in]
878 3265 947 3311 utD
1031 3263 1174 3312 dicturus
1192 3280 1239 3314 om.
1258 3266 1301 3326 Dp
1370 3267 1386 3315 5

194 3330 265 3381 haec
284 3330 446 3380 acciderunt
462 3331 510 3379 Ha
527 3328 596 3380 haec
615 3328 768 3379 acciderint
784 3343 801 3391 p
818 3330 871 3380 hoc
894 3329 996 3379 accidit
1014 3333 1036 3378 D
1054 3330 1106 3380 hoc
1125 3331 1265 3381 acciderat
1283 3344 1318 3386 τς

194 3398 223 3449 in
241 3398 345 3448 scrinio
362 3399 450 3452 mres
467 3399 496 3447 in
515 3398 590 3447 crine
607 3400 628 3446 n
647 3400 675 3447 in
695 3397 830 3459 crimenp
900 3400 915 3448 6
934 3414 951 3447 a
971 3414 1035 3448 caro
1052 3400 1125 3454 lisa
1148 3415 1210 3450 acre
1229 3401 1250 3447 n
1270 3416 1335 3450 acer
1352 3412 1387 3462 pr

262 3467 361 3531 ‘lquia
379 3465 462 3515 moris
480 3466 534 3515 reis
553 3472 627 3516 estr
712 3463 842 3530 macrum]
865 3466 894 3515 in
913 3481 1004 3516 eorum
1023 3468 1066 3528 Bp
1151 3466 1294 3532 Sdepulsi
1313 3469 1386 3532 quod

194 3536 244 3590 Πς
262 3534 385 3599 depulsis
404 3535 476 3599 quod
494 3546 508 3581 r
526 3533 679 3599 depulsissc
698 3533 768 3598 quod
786 3548 802 3581 a
820 3533 942 3599 depulsis
961 3534 1026 3599 quid
1042 3537 1086 3597 Dp
1172 3537 1204 3586 10
1222 3551 1256 3586 ne
1274 3552 1321 3585 om.
1342 3537 1385 3599 Dp

262 3602 416 3654 sentcntiae
433 3603 497 3657 Dra
566 3604 597 3651 12
615 3602 805 3668 incertumque
823 3617 870 3655 om.
889 3605 917 3650 H
985 3605 1018 3652 13
1036 3602 1192 3652 desinerent
1208 3617 1223 3651 r

262 3738 382 3789 XXVIII
402 3738 433 3787 15
451 3736 620 3803 sermio
638 3741 700 3802 Dpr
780 3740 812 3788 16
830 3738 962 3802 quosdam
979 3753 1023 3788 me
1042 3738 1115 3804 apud
1132 3742 1160 3788 te
1179 3739 1387 3804 reprehendisse

196 3807 360 3858 Cascatanas
427 3805 602 3872 respondisse
619 3820 634 3854 r
685 3811 824 3872 tamquam
843 3807 945 3858 amicos
963 3807 990 3855 Ι
1011 3811 1143 3872 tanquam
1161 3807 1185 3856 si
1204 3807 1308 3858 amicos
1324 3811 1387 3871 Dpr

195 3876 268 3938 quod
286 3875 391 3925 amicos
409 3889 426 3922 a
495 3875 526 3924 18
545 3872 641 3941 etiam]
661 3878 720 3924 etr
788 3876 836 3940 qui
854 3881 918 3925 sunt
934 3880 1030 3925 tamen
1047 3876 1094 3924 isti
1105 3875 1176 3928 lisa
1193 3876 1241 3938 qui
1258 3881 1322 3926 sunt
1338 3877 1386 3926 isti

194 3945 256 4006 npr
342 3944 374 3992 19
392 3941 488 3992 melius
506 3957 548 3992 me
567 3943 660 3992 norint
679 3943 841 3997 Carantonus
863 3959 906 3994 me
925 3943 1023 3993 melius
1040 3943 1133 3993 norint
1151 3943 1319 3994 Mammenses

195 4012 245 4064 sed
261 4016 294 4062 ut
311 4011 403 4062 norint
420 4026 468 4063 am.
485 4013 546 4073 Dpr
614 4011 679 4076 quid
697 4011 824 4062 inuideat
840 4012 906 4060 Hra
924 4010 988 4076 quid
1004 4011 1114 4061 inuidet
1131 4012 1175 4071 np
1194 4012 1240 4075 qui
1258 4012 1386 4062 inrident

195 4093 212 4136 ς
314 4081 348 4130 20
365 4079 527 4129 felicissimo
546 4094 637 4129 errore
654 4081 702 4129 Ha
721 4079 882 4131 felicissimo
901 4095 1019 4130 errorem
1040 4080 1103 4140 Dpr
1205 4083 1301 4142 suntp

195 4148 496 4214 qualeslautltrs,
516 4160 596 4208 amp
683 4150 713 4197 21
733 4148 941 4213 predicenturr
1025 4148 1136 4198 uidetur
1152 4149 1215 4208 Dpr
1283 4149 1315 4197 22
1334 4163 1387 4198 nec

196 4220 263 4267 sunt
280 4230 378 4280 pamm
396 4215 475 4264 multi
493 4217 540 4280 qui
556 4216 607 4265 Ha
633 4232 685 4266 nec
703 4221 767 4266 sunt
783 4231 879 4281 parum
898 4218 983 4280 quil)
1010 4231 1062 4266 nec
1081 4215 1172 4264 sciant
1190 4230 1287 4279 parum
1306 4217 1386 4280 quip

195 4301 247 4336 nee
266 4287 330 4346 sunt
346 4284 429 4348 pauci
448 4283 495 4347 qui
511 4296 547 4338 τς
632 4286 665 4334 24
683 4281 769 4351 meos]
789 4298 896 4335 meusr
980 4284 1093 4334 nimium
1110 4287 1205 4348 putem
1222 4297 1256 4333 ra
1273 4284 1387 4335 nimium

196 4358 289 4405 autem
306 4353 334 4400 Ι
350 4352 433 4402 nimis
452 4367 570 4416 unquam
588 4357 681 4419 putem
698 4354 767 4416 Βρς
