3024 5062
352 268 595 316 nersrnnnsurr
617 266 726 314 23-29.
751 251 871 340 [al-as.
897 267 936 316 1o.
962 253 1012 342 11.]
1038 263 1073 330 (a.
1096 263 1239 330 111-113)
1325 255 1389 319 279
1431 297 1435 305 »

197 443 262 485 non
286 421 387 486 solum
403 443 440 486 ex
464 422 530 486 eius
545 423 734 506 honoribus,
757 444 834 507 quos
856 423 891 486 in
900 408 984 487 'urbe
1000 424 1059 487 sub
1075 424 1173 489 oculis
1196 425 1259 488 tuis
1275 425 1386 508 gessit,

197 524 426 588 verumetiam
449 546 487 588 ex
510 524 696 588 commilitio
720 546 788 589 esse
814 512 1026 589 notissimam.
1060 526 1139 590 illud
1161 548 1275 608 unum,
1305 527 1417 610 quod3

196 628 329 709 propter
360 626 527 690 caritatem
555 626 622 690 eius
644 627 787 691 nondum
808 626 887 690 mihi
915 626 1023 690 videor
1045 627 1123 691 satis
1146 628 1240 711 plene
1262 628 1387 710 fecisse,

197 726 297 790 etiam
324 730 417 811 atque
446 728 542 794 etiam
569 728 653 793 facio
681 731 792 812 teque,
823 728 965 811 domine,
993 749 1071 812 rogo
1099 729 1238 814 gaudere
1263 751 1313 792 me
1336 752 1387 793 ex-

171 830 312 892 carnata
339 831 516 913 quaestoris
544 830 607 894 mei
634 830 809 915 dignitate,
839 830 872 893 id
900 832 948 893 est
974 851 1032 913 per
1059 829 1149 894 illum
1176 852 1262 914 mea,
1292 853 1387 914 quarn
1467 837 1470 842 '

195 930 410 994 maturissime
432 931 521 997 velis.
1377 922 1386 939 ⁹

623 1049 760 1164 XXVII.
787 1099 961 1187 [XXXVI]

474 1222 503 1274 o.
521 1221 670 1274 enrurus
689 1222 852 1272 remmio
871 1221 1102 1273 rurnssrosr

280 1338 454 1422 Maximus,
471 1338 604 1403 libertus
620 1342 652 1404 et
667 1341 854 1425 procurator
869 1340 953 1419 tuus,
973 1337 1116 1420 domine,
1133 1342 1261 1422 praeter
1277 1340 1387 1404 decem

159 1456 183 1495 1⁰
195 1440 416 1506 beneficiarios
421 1490 431 1524 ,
453 1463 532 1525 quos
555 1441 718 1526 adsignari
742 1463 760 1505 a
782 1461 833 1503 me
855 1438 1050 1521 Gemellino,
1075 1439 1195 1522 optimo
1219 1441 1300 1523 viro,
1324 1442 1386 1505 ius-

195 1543 282 1627 sisti,
311 1543 372 1607 sibi
401 1564 526 1627 quoque
555 1543 722 1606 confirmat
753 1539 950 1605 necessarios
974 1561 1042 1603 esse
1063 1540 1205 1605 milites.
1225 1591 1232 1605 .
1251 1564 1314 1606 ,ex
1336 1543 1386 1606 his

195 1645 375 1713 interim..
394 1694 428 1727 .,
457 1644 541 1708 siout
568 1645 769 1726 inveneram,
802 1643 836 1705 in
859 1641 1037 1704 ministerio
1067 1642 1134 1704 eius
1161 1643 1385 1728 relinquendos

195 1746 391 1830 existimavi,
413 1746 602 1830 praesertim
625 1768 696 1810 cum
719 1746 759 1808 ad
773 1744 971 1808 frumentum
994 1745 1244 1827 comparandum
1266 1747 1328 1810 iret
1350 1746 1385 1810 in

195 1847 461 1933 Paphlagoniam.
497 1847 575 1931 quin
596 1847 699 1931 {etiam
721 1847 842 1910 tutelae
866 1847 978 1929 causa,
1006 1846 1081 1930 quia
1103 1847 1150 1911 ita
1172 1847 1383 1931 desiderabat,

160 1964 183 2004 1⁶
195 1950 303 2016 addidi
325 1950 403 2014 duos
418 1949 551 2034 equites.
581 1949 615 2012 in
637 1950 780 2013 futurum
796 1949 872 2032 quid
894 1949 1014 2013 servari
1028 1948 1107 2013 velis
1122 1971 1200 2034 rogo
1215 1951 1382 2015 rescribas

605 2117 756 2183 XXVIII.
782 2116 973 2206 [XXXVII]

622 2239 804 2290 numeros
824 2239 951 2289 ranno

277 2355 373 2421 Nunc
388 2355 516 2440 quidem
531 2354 788 2439 proficiscentem
803 2356 843 2419 ad
862 2343 1133 2441 comparationem
1148 2359 1384 2425 frumentorum

193 2457 387 2542 Maximum,
402 2457 554 2522 libertum
568 2477 682 2538 meum,
700 2459 786 2520 recte
801 2457 957 2521 militibus
973 2458 1164 2523 instruxisti.
1187 2460 1385 2544 fungebatur

158 2562 279 2626 aenim
308 2563 341 2624 ot
367 2560 436 2643 ipse
465 2558 717 2624 extraordinario
740 2580 881 2623 munere.
920 2581 992 2623 cum
1014 2560 1054 2624 ad
1081 2560 1253 2644 pristinum
1277 2566 1383 2627 actum

193 2684 338 2727 reversus
365 2661 477 2744 fuerit,
507 2659 669 2725 sufficient
696 2660 744 2723 illi
766 2660 827 2724 duo
850 2683 868 2724 a
895 2664 928 2725 te
956 2661 1022 2725 dati
1045 2662 1163 2726 milites
1186 2666 1219 2726 et
1249 2665 1383 2729 totidem

194 2787 213 2828 a
234 2763 348 2831 Virdio
371 2763 563 2846 Gemellino,
586 2764 792 2846 procuratore
814 2783 901 2845 meo,
925 2784 1018 2847 quern
1041 2763 1180 2827 adiuvat.

582 2930 751 2996 XXVIIII.
785 2930 992 3019 [XXXVIII]

472 3053 503 3105 c.
521 3052 670 3106 enimus
689 3053 850 3105 rnnmro
869 3053 1094 3106 rnsnrmrom

156 3189 180 3229 a
277 3170 483 3254 Sempronius
495 3168 676 3251 Caelianus,
692 3168 990 3253 egregiusiuvenis,
1006 3173 1149 3253 repertos
1165 3172 1250 3236 inter
1261 3173 1381 3238 tirones
1394 3174 1409 3234 1

191 3272 271 3337 duos
293 3294 399 3337 servos
422 3272 511 3336 misit
532 3271 572 3334 ad
593 3292 659 3352 me3
689 3291 823 3354 quorum
846 3292 905 3355 ego
928 3270 1118 3355 supplicium
1141 3272 1267 3356 distuli,
1292 3277 1329 3338 ut
1349 3277 1381 3338 te

192 3374 390 3439 conditorem
402 3373 591 3457 disciplinae
602 3371 750 3435 militaris
761 3371 1017 3456 firmatoremque
1030 3373 1228 3438 consulerem
1239 3375 1277 3438 de
1288 3376 1381 3441 modo

190 3497 323 3561 poenae.
352 3475 422 3560 ipse
437 3475 523 3541 enim
538 3474 648 3538 dubito
671 3473 711 3536 ob
727 3471 788 3536 hoo
803 3475 951 3554 maxime,
975 3475 1072 3557 quod,
1095 3478 1131 3539 ut
1152 3476 1217 3540 iarn
1232 3477 1410 3543 dixerant?

191 3581 394 3645 sacramento
420 3577 568 3660 militari,
602 3583 646 3640 ita
672 3575 815 3639 nondum
849 3576 1011 3640 distributi
1038 3577 1073 3641 in
1099 3600 1248 3641 numeros
1278 3582 1379 3645 erant.

152 3680 268 3766 aquid
290 3701 367 3765 ergo
389 3679 520 3744 debeam
540 3677 630 3761 sequi
651 3698 746 3762 rogo,
770 3676 914 3761 domine,
937 3678 1074 3763 scribas,
1097 3680 1286 3763 praesertim
1309 3703 1380 3746 cum

188 3783 353 3868 pertineat
374 3780 415 3844 ad
435 3779 623 3864 exemplum.

260 3925 273 3970 1
293 3936 326 3970 ex
345 3920 385 3969 eis
403 3918 552 3969 honoribus
571 3917 678 3968 Orelliae
747 3919 762 3967 5
781 3933 842 3967 mes
861 3917 953 3969 ΑἱᾱιιεΞ
971 3935 1060 3970 meam
1077 3935 1094 3968 a

258 3987 363 4038 XXVII
382 3987 422 4036 De
439 3986 573 4036 militibus
592 3986 712 4036 Maximo
731 4001 779 4050 pro
800 3986 922 4035 curatori
935 3987 1118 4052 adsignandis
1136 4002 1153 4035 a
1217 3989 1246 4037 11
1265 3987 1378 4051 milites,

190 4073 225 4107 cx
251 4056 294 4106 his
320 4055 442 4114 interim,
470 4055 543 4104 siout
570 4053 728 4103 inuenerem
756 4068 785 4102 a:
818 4070 933 4105 numerus
958 4057 1058 4105 militam
1088 4063 1113 4105 et
1136 4061 1197 4119 post
1223 4055 1327 4106 milites
1354 4065 1379 4106 et

187 4120 250 4191 post
275 4123 386 4175 interim
412 4123 541 4173 excidisse
567 4122 674 4171 videtur.
702 4121 805 4172 milites
827 4124 947 4176 semine
973 4124 1097 4186 interIm,
1125 4123 1196 4173 sicut
1218 4124 1379 4174 inveneram

189 4192 359 4243 Mommsenss
555 4199 560 4207 ’
1190 4200 1197 4217 ¹

257 4258 393 4310 XXVIIII
408 4261 450 4309 De
470 4257 557 4308 seruis
574 4258 646 4308 inter
663 4261 775 4321 tyrones
792 4258 915 4308 inuentIs
933 4274 950 4307 s
1000 4259 1032 4307 28
1050 4257 1084 4308 ob
1101 4257 1173 4308 haec
1191 4273 1208 4306 a
1276 4263 1307 4309 ut
1323 4260 1378 4310 iem

189 4328 307 4378 dixerim
326 4330 501 4377 sacramento
520 4325 646 4388 militari,
674 4325 792 4375 nondum
811 4325 974 4376 Carantonus
1000 4326 1054 4375 etsi
1078 4325 1170 4376 adacti
1189 4331 1269 4376 erant
1286 4343 1379 4378 sacra-

189 4401 283 4446 mento
301 4394 427 4453 militari,
446 4394 565 4444 nondum
583 4394 750 4444 Mommsenus
817 4396 850 4444 29
868 4394 972 4442 militar
989 4395 999 4442 i
1017 4393 1133 4444 nondum
1152 4409 1169 4442 a
1219 4398 1252 4446 30
1270 4398 1379 4447 ‘Plinius

188 4466 225 4514 ad
246 4464 386 4514 Traianum
403 4464 494 4526 episto.
512 4463 630 4527 viperina
646 4466 730 4526 pruma
748 4477 812 4527 quae
829 4464 901 4527 culpo
914 4478 963 4512 non
975 4464 1112 4525 reperitur.
1133 4463 1206 4524 Quid
1218 4480 1284 4529 ergo
1296 4491 1329 4500 -
1342 4464 1377 4514 ad

190 4530 355 4599 exemplum'
374 4530 492 4581 Budaeus
510 4537 596 4582 annot.
615 4532 641 4580 ia
656 4530 772 4595 pandf.
792 4533 843 4582 30*
861 4532 902 4583 ed.
921 4530 1028 4580 Ascens.
1048 4546 1072 4580 a.
1092 4532 1158 4581 1516
