3024 5062
196 210 259 308 388Ι
717 257 746 304 c.
773 256 868 302 rami

196 413 264 494 ipse
287 415 387 489 amet,
421 431 486 473 non
519 413 635 493 potest.
683 409 792 494 diligis
821 429 914 492 ergo,
949 429 1020 470 cum
1043 406 1206 491 diligaris,
1241 405 1330 468 etin
1353 425 1390 468 eo

197 513 278 596 quod
302 513 460 595 utrimque
482 511 742 575 honestissimum
764 512 813 574 est
834 512 904 573 tota
925 507 1029 593 gloria
1050 511 1106 571 tua
1128 511 1194 589 est3
1222 506 1277 590 qui
1300 526 1393 591 supe-

196 615 260 677 rior
282 615 387 677 faetus
410 614 574 678 descendis
595 613 630 676 in
646 612 753 676 omnia
775 611 1003 675 familiaritatis
1019 609 1127 674 officia
1150 612 1183 672 et
1204 608 1238 672 in
1254 608 1394 672 amicum

197 739 235 780 cx
261 717 453 799 imperatore
465 715 687 798 summitteris3
709 713 807 777 immo
818 716 897 777 tuuc
911 713 1048 776 maxime
1062 712 1298 796 imperatorem,
1322 731 1395 774 cum

198 818 334 882 amicum
357 817 438 902 agia.
476 817 596 881 etenim
618 838 690 880 cum
717 814 863 899 plurimis
886 814 1036 879 amicitiis
1057 813 1189 878 fortuna
1210 812 1421 896 principuma

197 919 358 1004 indigeat,
382 918 660 1003 praecipuumest
681 917 837 1001 principis
860 939 939 1000 opus
962 916 1080 980 amicos
1102 936 1226 1000 parare.
1265 915 1394 998 placeat

197 1021 258 1085 tibi
280 1042 405 1105 semper
426 1021 506 1084 haec
529 1028 632 1103 secta,
656 1023 689 1083 et
712 1040 783 1083 cum
805 1018 944 1103 reliquas
966 1019 1102 1083 virtutes
1124 1019 1196 1081 tuas
1218 1021 1287 1081 tum
1308 1017 1394 1081 hane

198 1122 455 1187 constantissime
483 1125 612 1204 teneas,
646 1143 707 1185 nec
741 1143 893 1206 umquam
926 1121 986 1185 tibi
1014 1119 1244 1203 persuadeatur
1272 1118 1394 1183 humile

197 1246 265 1288 esse
280 1224 418 1308 principi
441 1223 505 1287 nisi
527 1222 641 1286 odisse.
685 1221 950 1288 iucundissimum
978 1225 1027 1286 est
1055 1222 1091 1286 in
1118 1221 1213 1285 rebus
1241 1221 1393 1285 humanis

197 1326 314 1409 amari,
344 1325 398 1389 sed
425 1346 491 1388 non
518 1324 624 1388 minus
653 1346 770 1389 amare.
808 1346 942 1408 quorum
964 1328 1098 1408 utroque
1119 1324 1166 1387 ita
1188 1323 1316 1402 frueris,
1347 1326 1393 1406 ut,
1409 1321 1440 1376 10'

198 1428 359 1510 cumipse
382 1426 604 1490 ardentissime
627 1426 760 1511 diligas,
789 1425 894 1491 adhuc
916 1430 1026 1491 tamen
1049 1426 1213 1490 ardentius
1235 1424 1394 1510 diligaris,

200 1531 339 1613 primum
361 1529 435 1613 quia
457 1529 584 1593 facilius
607 1531 656 1592 est
677 1550 776 1593 unum
791 1550 899 1592 amare
914 1551 1010 1612 quam
1032 1528 1164 1611 multos,
1189 1526 1304 1591 deinde
1320 1527 1397 1612 quia

203 1631 264 1695 tibi
285 1631 404 1694 amicos
425 1633 497 1694 tuos
519 1630 684 1715 obligandi
706 1630 796 1694 adest
817 1629 957 1694 facultas
971 1632 1073 1713 tanta,
1097 1633 1135 1694 ut
1154 1649 1248 1693 nemo
1270 1632 1303 1692 te
1325 1649 1397 1712 pos-

153 1744 193 1806 86
205 1733 247 1795 sit
268 1733 331 1795 nisi
352 1732 500 1817 ingratus
522 1754 587 1795 non
609 1732 713 1816 magis
737 1753 854 1796 amare.
893 1752 1009 1816 operae
1037 1732 1176 1816 pretium
1205 1734 1255 1794 est
1276 1724 1396 1793 referre

199 1823 282 1917 quod
304 1836 499 1897 tormentum
526 1833 587 1897 tibi
609 1833 804 1918 iniunxeris,
833 1855 874 1898 ne
898 1834 974 1918 quid
997 1833 1099 1898 amico
1120 1854 1268 1918 negares
1305 1831 1433 1896 dimi-1⁵

199 1935 268 1998 sisti
301 1935 457 2018 optimum
489 1934 592 1999 virum
625 1935 747 2020 tibique
777 1936 975 2000 carissimum
1002 1935 1122 1999 invitus
1151 1938 1184 1998 et
1210 1933 1331 2017 tristia,
1365 1935 1397 1996 et

199 2037 288 2119 quasi
317 2037 455 2100 retinere
482 2059 549 2100 non
577 2059 697 2120 posses.
735 2041 889 2122 quantum
912 2059 1035 2101 amares
1063 2059 1136 2101 eum
1164 2037 1322 2100 desiderio
1344 2058 1395 2100 ex·
1449 2049 1453 2094 ἱ

199 2142 308 2222 pertus
331 2161 380 2222 es,
405 2138 577 2203 distractus
600 2143 844 2224 separatusque,
875 2140 950 2204 dum
979 2140 1063 2204 cedis
1092 2144 1125 2203 et
1152 2139 1301 2204 vinceris.
1338 2139 1393 2221 ita,

196 2239 278 2324 quod
299 2240 397 2304 fando
418 2241 613 2324 inauditum,
638 2263 711 2306 eum
735 2242 885 2325 princeps
907 2243 940 2305 et
954 2241 1110 2325 principis
1126 2241 1246 2306 amicus
1269 2241 1394 2305 diversa

196 2341 335 2425 velletis,
359 2342 392 2406 id
414 2343 521 2425 potius
542 2343 663 2407 factum
687 2347 750 2427 est,
774 2343 857 2428 quod
881 2343 1002 2407 amicus
1025 2343 1160 2408 volebat.
1198 2364 1310 2408 orem
1331 2362 1428 2406 me-ro

197 2442 315 2506 moriae
337 2442 515 2528 litterisque
537 2445 768 2510 mandandam!
791 2446 991 2529 praefectum
1013 2445 1173 2531 praetorio
1195 2466 1261 2509 non
1285 2467 1325 2510 ex
1345 2445 1392 2508 in·

199 2545 385 2628 gerentibus
407 2567 451 2629 se,
475 2546 531 2610 sed
546 2569 585 2610 ex
606 2547 868 2612 subtrahentibus
884 2548 991 2632 legere
1007 2547 1204 2632 eundemque
1218 2547 1296 2630 otio,
1312 2546 1393 2631 quod

201 2647 410 2729 pertinaciter
442 2651 536 2731 amet,
571 2649 717 2734 reddere,
753 2672 886 2735 cumque
915 2651 957 2714 sis
987 2650 1057 2733 ipse
1079 2651 1239 2714 distentus
1267 2649 1393 2734 imperii

201 2748 299 2831 euris,
331 2771 397 2813 non
425 2750 541 2833 quietis
569 2751 672 2836 gloria
701 2752 848 2836 cuiquam
870 2751 1023 2816 invidere.
1056 2751 1294 2836 intellegimus,
1319 2750 1393 2816 an-

197 2871 264 2931 sar,
288 2853 444 2934 quantum
466 2852 526 2915 tibi
548 2874 606 2936 pro
628 2854 788 2918 laboriosa
808 2854 872 2918 ista
899 2856 1037 2918 statione
1065 2857 1098 2917 et
1120 2853 1261 2917 exercita
1283 2853 1425 2917 debeas

197 2972 283 3033 mus,
309 2974 379 3016 eum
402 2953 502 3017 otium
530 2976 548 3017 a
569 2957 602 3018 te
629 2958 792 3040 tamquam
807 2978 858 3020 res
884 2956 1006 3039 optima
1034 2958 1067 3020 et
1081 2957 1212 3039 petatur
1233 2958 1267 3019 et
1292 2956 1391 3019 detur.

196 3075 291 3136 quam
320 3075 381 3139 ego
412 3056 506 3119 audio
532 3057 765 3122 'confusionem
793 3062 883 3122 tuam
910 3058 1025 3148 fuisse,
1060 3080 1132 3123 cum
1161 3058 1393 3143 digredientem

197 3297 398 3305 ...ῳ-

263 3434 629 3499 antrumqueeurriqueq
681 3433 853 3501 quilquiaA
905 3438 1032 3488 3factus
1050 3438 1086 3488 od
1103 3438 1168 3488 fatis
1187 3439 1207 3487 B
1225 3439 1333 3490 faeisA
1377 3442 1392 3490 4

197 3501 345 3565 imperator
359 3518 418 3551 cum
430 3499 522 3550 Aaou
534 3504 684 3568 imperator
703 3519 732 3554 es
751 3520 810 3554 cum
829 3506 959 3555 Livineius
1005 3507 1155 3557 bamicum
1175 3522 1209 3556 ex
1227 3508 1392 3572 imperatore

197 3571 331 3634 agiscds
388 3569 555 3619 EsteuimA
617 3570 783 3636 plurimusll
847 3573 996 3622 amiciscrl
1041 3575 1066 3639 l⁶
1090 3575 1249 3639 precipuum
1268 3582 1312 3625 est
1329 3575 1392 3625 Aba

196 3638 368 3702 principuum
388 3641 429 3686 est
447 3637 463 3701 β
481 3639 646 3703 principium
665 3645 709 3688 est
725 3654 740 3688 e
809 3642 910 3691 amieos
927 3668 960 3677 —
979 3644 1037 3703 389,
1058 3645 1088 3692 ll
1109 3648 1137 3691 et
1155 3642 1203 3692 ille
1223 3644 1269 3707 qui
1286 3641 1290 3708 Ι
1305 3646 1329 3693 B

195 3721 292 3769 parere
311 3707 334 3754 R
402 3706 557 3771 'freliquas
576 3708 599 3756 R
618 3706 794 3758 aliasABcrl
861 3707 928 3774 tum]
953 3712 1061 3760 turicli
1129 3711 1390 3773 aristomenes,

195 3775 256 3822 odd.
275 3774 298 3821 R
366 3775 534 3838 9principis
552 3776 576 3823 B
645 3777 675 3824 11
696 3777 835 3826 ardentius
854 3778 940 3829 anab
1018 3778 1192 3844 diligaresR
1263 3783 1295 3831 13
1315 3780 1390 3830 adest

198 3841 317 3890 facultas
336 3845 414 3892 tanta
431 3842 493 3891 Bod
513 3844 592 3892 adest
611 3843 731 3893 facultas
750 3849 798 3894 tua
816 3847 838 3892 Δ
856 3850 936 3894 tanta
954 3847 1077 3896 facultas
1095 3847 1169 3896 inest
1181 3848 1204 3895 R
1258 3852 1286 3896 te
1307 3849 1390 3913 possit

195 3907 268 3958 nee
286 3911 373 3974 possit
392 3917 419 3960 te
437 3910 458 3958 B
477 3912 564 3974 possit
584 3910 640 3974 (om,
659 3912 698 3976 te)
717 3914 734 3960 d
809 3915 839 3963 15
859 3911 922 3980 tibi]
944 3914 997 3964 sibi
1014 3916 1037 3963 R
1133 3916 1222 3964 amico
1242 3914 1390 3966 lamnam

195 3978 296 4026 diceb
366 3980 626 4028 16rarissimum1t
707 3982 737 4030 17
757 3988 944 4045 quantumque
965 3984 1115 4032 amareslt
1186 3985 1217 4033 19
1236 3985 1389 4034 inauditum

197 4050 238 4094 est
257 4045 328 4108 quod
347 4060 407 4094 cum
426 4049 449 4096 n
517 4045 663 4112 principis]
684 4049 865 4113 principeslt
941 4052 1095 4101 attactum
1116 4052 1197 4100 estlt
1267 4069 1283 4102 o
1303 4053 1389 4104 anull

263 4116 294 4161 21
313 4113 402 4162 literis
421 4115 643 4165 mandandamlt
721 4117 858 4180 praetorio
876 4119 1158 4181 RpraetoriiABcd
1244 4122 1277 4169 22
1297 4137 1327 4172 se
1345 4137 1387 4173 om.

194 4181 413 4240 auctorati
459 4185 506 4233 sed
526 4183 806 4233 estedeABcd
853 4185 1359 4249 eundemque-23reddereom.b

196 4249 266 4311 quod
285 4251 465 4313 pertinaciter
482 4252 505 4300 R
524 4253 652 4301 Livineius
671 4267 749 4317 quern
768 4254 951 4318 pertinaciter
968 4254 1053 4317 Δβοᾱ
1121 4257 1154 4306 23
1172 4255 1286 4321 imperii
1306 4254 1387 4323 curis]

194 4318 222 4363 in
241 4317 412 4378 periculisll
479 4322 512 4369 24
530 4335 584 4368 non
603 4321 704 4384 quietis
723 4321 901 4386 dissoriptum
923 4325 1005 4372 estin
1023 4324 1046 4371 R
1131 4323 1222 4389 gloria
1240 4324 1257 4373 ‹1
1275 4324 1387 4390 gloriam

194 4383 260 4432 ane
279 4384 395 4449 gloriam
414 4391 452 4436 vel
470 4387 604 4451 gloriaam
622 4389 646 4437 a
725 4391 757 4439 25
776 4406 825 4454 pro
844 4407 891 4440 om.
910 4390 947 4438 cd
1016 4395 1043 4440 et
1062 4396 1188 4442 exercita
1207 4393 1248 4442 Bo
1267 4397 1388 4444 exercita

194 4458 252 4511 (om,
272 4453 310 4516 et)
329 4455 374 4502 Rd
391 4459 418 4504 et
437 4456 638 4505 exercitatione
656 4459 679 4504 Δ
747 4460 780 4507 26
799 4464 827 4508 et
844 4463 956 4523 petatur
968 4460 1040 4508 Mb
1060 4465 1207 4524 expetatur
1225 4476 1239 4510 c
1260 4468 1387 4530 expecta·

195 4526 238 4569 tur
257 4522 273 4568 d
289 4528 453 4589 expectatur
469 4540 538 4574 corr.
558 4529 705 4590 expetatur
723 4525 738 4591 β
