3024 5062
382 1127 421 1225 (l.
451 1128 602 1227 PLINI
634 1129 850 1229 ΟΑΕΟΠᾸ
880 1131 1117 1237 SECUNDI

286 1335 1206 1456 PANEGYRIOUS.

643 1560 844 1568 -u————--—

235 1686 323 1753 Bene
346 1710 384 1754 ec
405 1689 584 1773 sapienter,
616 1693 724 1773 patres
747 1691 937 1776 conscripti,
966 1693 1102 1758 maiores
1130 1695 1370 1760 institueruntl

148 1793 185 1853 ut
206 1811 312 1854 rerum
335 1791 532 1875 agendarum
553 1792 600 1856 ita
616 1790 743 1856 dicendi
765 1792 895 1857 initium
917 1817 936 1858 e
953 1796 1192 1878 precationibus
1216 1818 1338 1881 capere,

121 1893 233 1976 equod
253 1893 336 1956 nihil
358 1895 436 1978 rite,
465 1893 548 1958 nihil
575 1894 780 1978 providenter
801 1894 947 1960 homines
969 1896 1038 1960 sine
1062 1896 1191 1961 deorum
1213 1899 1340 1962 immor-

147 1994 260 2059 talium
290 2017 350 2079 ope
379 1997 511 2060 consilio
539 1995 659 2060 honore
687 1997 941 2080 auspicarentur.
978 1998 1032 2081 qui
1061 2016 1129 2063 mos
1160 2002 1211 2064 cui
1233 2001 1340 2084 potius

147 2119 243 2182 quarn
274 2097 397 2161 consuli
430 2101 486 2162 aut
513 2098 640 2181 quando
667 2099 772 2182 magis
805 2098 1006 2182 usurpandus
1036 2100 1248 2185 colendusque
1279 2105 1337 2185 est,

147 2221 244 2283 quam
266 2221 339 2263 cum
360 2199 494 2283 imperio
516 2203 646 2263 senatus
653 2247 661 2281 ,
686 2200 876 2264 auctoritate
897 2201 944 2264 rei
964 2200 1111 2284 publicae
1134 2202 1174 2266 ad
1196 2203 1339 2287 agendas

146 2302 268 2384 optimo
291 2300 427 2384 principi
456 2301 579 2385 gratias
602 2301 800 2366 excitemur?
828 2302 911 2385 quod
934 2303 1019 2366 enim
1041 2294 1266 2386 praestabilius
1290 2309 1339 2369 est

108 2407 204 2468 icant
218 2402 382 2487 pulchrius
397 2424 513 2467 munus
528 2402 659 2467 deorum
681 2425 775 2486 quam
792 2406 897 2467 castus
913 2408 947 2468 et
968 2407 1098 2469 sanctus
1114 2410 1147 2470 et
1169 2406 1217 2470 dis
1240 2407 1338 2470 simil-

145 2505 240 2570 limus
267 2505 441 2590 princeps?
469 2526 507 2569 ac
534 2505 561 2568 si
584 2504 687 2569 adhuc
709 2504 839 2569 dubium
864 2505 978 2570 fuisset
985 2556 995 2590 ,
1024 2507 1107 2572 forte
1131 2530 1268 2592 casuque
1289 2531 1337 2572 re-

147 2611 250 2672 ctores
271 2608 366 2673 terris
389 2629 430 2672 an
459 2607 566 2690 aliquo
588 2607 719 2670 numine
741 2607 909 2690 darentur,
936 2608 1117 2692 principem
1144 2614 1254 2674 tamen
1281 2633 1336 2674 no·

145 2713 248 2775 strum
268 2710 403 2794 liqueret
419 2709 572 2773 divinitus
595 2708 816 2773 constitutum.
847 2731 913 2773 non
929 2710 1015 2773 enim
1036 2710 1162 2775 occulta
1176 2714 1336 2795 potestate

144 2812 301 2896 fetorum,
325 2811 380 2876 sed
403 2812 444 2876 eb
465 2811 540 2875 Iove
561 2811 631 2894 ipsc
648 2832 754 2876 coram
776 2833 813 2876 ac
834 2812 941 2895 palam
962 2815 1106 2896 repertus
1129 2818 1193 2897 est,
1216 2814 1335 2879 electus

106 2932 132 2974 15
145 2916 264 3000 quippe
284 2915 371 2979 inter
393 2935 465 2978 aras
487 2916 520 2978 et
541 2913 656 2977 altaria
678 2913 848 2997 eodemque
870 2913 947 2997 loci,
977 2937 1071 2998 quem
1093 2914 1183 2980 deus·
1191 2915 1246 2980 ille
1267 2919 1335 2981 tarn

144 3019 335 3083 manifestus
358 3039 395 3082 ac
416 3037 568 3101 praesens
584 3039 679 3101 quam
703 3016 825 3082 caelum
848 3038 886 3082 ac
901 3017 1005 3081 sidera
1027 3017 1154 3082 insedit.
1185 3038 1247 3101 quo
1269 3040 1335 3109 maj

144 3121 196 3205 μὲ
218 3123 328 3205 aptum
349 3119 499 3204 piumque
520 3123 569 3183 est
590 3121 639 3202 te,
662 3118 808 3203 Iuppiter
830 3120 950 3203 optime
965 3121 1117 3201 maxime,
1142 3123 1238 3184 antea
1261 3142 1335 3185 con·

144 3223 294 3307 ditorem,
310 3245 396 3288 nunc
413 3224 668 3287 conservatorem
682 3221 808 3305 imperii
823 3222 936 3304 nostri,
953 3222 1077 3305 precari
1089 3225 1125 3287 ut
1139 3222 1218 3285 mihi
1234 3222 1334 3307 digna

133 3323 273 3389 consule
280 3374 288 3408 ,
318 3325 418 3410 digna
440 3327 570 3403 senatu,
602 3324 702 3408 digna
727 3323 873 3408 principe
897 3325 1067 3409 contingat
1088 3325 1206 3408 oratio,
1235 3327 1333 3409 utque

102 3427 291 3492 nomnibus
313 3448 393 3510 quae
415 3426 564 3491 dicentur
585 3447 604 3488 a
625 3447 675 3488 me
697 3425 830 3490 libertas
851 3426 929 3490 fides
951 3427 1068 3490 veritas
1092 3429 1231 3510 constet,
1259 3429 1332 3490 tan·

211 3704 224 3752 1
238 3701 374 3755 INCIPIT
388 3740 394 3755 .
406 3702 659 3754 PANEGYRICVS
667 3701 795 3754 .PLINlI
803 3741 808 3753 .
816 3701 1127 3754 sncvnmnlcrvs
1139 3741 1144 3753 .
1155 3701 1329 3753 TRAIANO.

139 3769 308 3891 atilli
329 3770 750 3902 hieliifiimilvilll'i
767 3770 1330 3891 illiitiiiliffllltiiili

138 3906 423 3959 NOVOOOMENSIS
442 3907 622 3959 ORATORIS
640 3907 893 3958 PANEGYRIOVS
906 3907 1067 3959 TRAIANO
1080 3905 1213 3957 DICTVS
1230 3906 1331 3956 IMPE-

138 3975 285 4027 RATORI.
303 3975 393 4027 XIIII.
410 3973 635 4027 FOELICITER
653 3975 793 4027 INCIPIT
810 3977 827 4025 b
849 3974 935 4025 Plinii
953 3975 1073 4027 Secundi
1091 3976 1258 4026 Veronensis
1276 3976 1329 4026 Pa·

136 4041 1329 4165 tilietiiiiiiillltliiiltitittalititillllll⁸l⁰ll⁰¹

206 4217 223 4265 4
241 4231 340 4280 capere
358 4215 419 4264 nou
437 4218 570 4280 caperent
586 4215 609 4263 A
626 4220 772 4280 caperetur
789 4226 806 4270 ς
908 4214 1010 4266 bnihil
1031 4215 1084 4264 rite
1103 4214 1225 4278 nihilque
1240 4215 1329 4280 proui-

135 4281 236 4334 denter
252 4285 295 4339 Βς
392 4285 408 4332 6
426 4283 470 4332 cui
487 4299 535 4336 om.
553 4284 584 4347 A,
608 4285 669 4334 cdd.
687 4282 742 4333 Δί
827 4285 859 4335 13
877 4283 967 4347 liquet
983 4283 1006 4332 A
1093 4284 1124 4331 14
1142 4287 1267 4347 repertus
1286 4289 1328 4334 cst

134 4353 247 4403 electus
265 4353 365 4418 quippe
377 4351 536 4402 schwartius
553 4357 677 4414 repertus
695 4352 800 4404 clectus
819 4356 862 4405 est
880 4352 980 4417 quippe
992 4351 1059 4400 Ano
1077 4354 1203 4415 repertus
1222 4350 1328 4402 electus

133 4420 275 4486 quippei
354 4421 384 4470 17
403 4421 519 4470 maxime
538 4436 584 4470 om.
602 4420 678 4484 nco,
696 4423 757 4473 add.
775 4424 798 4472 A
884 4422 915 4471 18
932 4420 1043 4485 imperii
1059 4420 1148 4470 nostri
1164 4419 1225 4468 nou
1242 4421 1329 4470 nostri

131 4488 246 4555 imperii
263 4489 286 4537 A
695 4486 701 4496 ‘
