3024 5062
617 290 829 338 PRAEFATIO.
1284 293 1322 340 IX

121 445 160 508 in
183 443 343 510 Vaticano
370 446 402 509 et
428 444 464 508 in
485 443 629 509 Mediceo
657 443 765 509 codice
793 443 904 508 eodem
931 443 1001 508 loco
1029 465 1147 509 nomen
1175 444 1274 510 Plinii
1305 468 1324 511 a

125 546 269 611 librariis
292 547 503 614 omitteretur.

211 647 283 713 Hac
305 648 442 713 Medicei
465 651 497 713 et
518 647 672 713 Vaticani
695 648 812 714 codicis
829 649 1022 733 cognatione
1038 648 1102 712 iam
1117 650 1240 713 certum
1256 648 1324 713 effi·

125 738 386 823 cituriudicium
408 736 447 820 de
470 750 606 815 codice
628 729 842 835 Pragensi,
871 771 910 829 en
931 772 994 835 quo
1016 749 1206 815 Franciscus
1228 749 1324 815 Nico·

123 852 196 917 laus
217 851 308 917 Titne
329 851 458 936 Lipsiae
480 873 509 915 a.
535 850 617 916 1823
639 851 738 916 Plinii
760 852 913 937 epistulas
936 852 1035 916 edidit
1057 873 1192 937 eumque
1214 851 1324 917 multis

124 955 232 1019 verbis
266 954 301 1018 in
334 954 535 1038 praefatione
549 953 631 1019 'eius
660 938 810 1019 editionis
844 954 1022 1037 descripsit.
1061 953 1324 1049 quartodecimo

127 1059 237 1120 autem
260 1055 387 1121 saeculo
409 1055 543 1140 librum,
566 1057 601 1119 in
623 1077 686 1141 quo
708 1078 773 1120 uno
794 1049 914 1141 magno
928 1054 1089 1129 i'olumine
1111 1054 1210 1136 Plinii
1231 1058 1324 1120 natu·

125 1157 206 1223 ralis'
226 1157 378 1223 historiae
406 1159 497 1242 libri,
526 1157 624 1223 Plinii
652 1156 817 1222 Valeriani
844 1157 990 1250 physica,
1007 1178 1088 1241 quae
1115 1158 1265 1223 feruntur
1292 1162 1325 1222 et

125 1262 199 1324 octo
228 1259 438 1343 epistularum
464 1259 540 1324 libri
568 1245 790 1343 comprehensi
818 1259 899 1342 sint,
927 1259 962 1323 in
986 1258 1141 1323 Bohemia
1170 1261 1325 1347 scriptum

126 1383 197 1426 esse
212 1348 308 1426 dicit.
345 1362 373 1426 is
395 1362 495 1447 igitur
525 1366 593 1425 tam
616 1364 804 1439 constanter
825 1347 962 1437 Medieei
986 1360 1103 1425 codicis
1133 1363 1325 1448 scripturam

126 1463 289 1546 sequitur,
318 1467 355 1528 ut
376 1463 517 1528 dubitari
539 1468 679 1549 nequeat
705 1465 783 1550 quin
807 1485 845 1528 ex
872 1463 934 1528 hoo
959 1464 1031 1548 ipso
1063 1462 1243 1548 descriptus
1270 1467 1323 1530 sit.

127 1559 204 1654 nain
228 1587 299 1630 cum
320 1566 356 1630 in
378 1568 528 1650 quattuor
543 1566 752 1651 epistularum
774 1566 882 1650 libris,
905 1565 939 1630 in
961 1566 1075 1650 quibus
1090 1569 1218 1650 praeter
1238 1565 1325 1632 hunc

127 1666 325 1756 Vaticanum
346 1668 464 1733 veteris
487 1670 665 1753 scripturae
687 1671 804 1733 testem
825 1668 998 1751 habemus,
1027 1667 1098 1733 aliis
1120 1668 1198 1732 locis
1221 1668 1248 1753 is
1270 1669 1324 1752 qui

127 1769 322 1852 Medicam,
352 1770 424 1835 aliis
445 1771 473 1835 is
496 1773 550 1856 qui
572 1772 769 1837 Vaticanum
798 1769 938 1836 codicem
966 1769 1095 1854 scripsit
1122 1793 1142 1834 a
1165 1770 1325 1835 communi

66 1950 70 1959 ι
129 1871 305 1956 archetypo
333 1872 543 1957 aberraverit,
570 1873 746 1961 Pragensis
769 1872 866 1937 codex
894 1873 1034 1954 exceptis
1062 1871 1230 1939 levissimis
1258 1872 1325 1956 qui·

126 1974 262 2038 busdam
285 1975 462 2059 erroribus,
486 1977 540 2060 qui
563 1975 652 2041 nullo
667 1976 799 2061 negotio
821 1974 1006 2039 coniectura
1022 1974 1139 2059 corrigi
1160 1976 1322 2058 poterant,

126 2076 236 2165 omnia
257 2075 391 2160 propria
409 2076 546 2142 Medicei
561 2077 684 2142 librarii
699 2078 778 2143 vitia
799 2076 965 2160 repetivit,
987 2076 1071 2161 quod
1091 2076 1162 2140 fieri
1182 2098 1248 2141 non
1269 2097 1324 2160 po-

126 2177 227 2242 tuisse
249 2180 383 2261 apparet
390 2168 452 2262 ,si
473 2201 512 2243 ex
534 2180 714 2263 antiquiore
738 2179 845 2244 codice
867 2176 1025 2262 originem
1048 2176 1199 2244 duxisset.
1221 2201 1324 2264 neque

126 2278 207 2365 illud
228 2278 305 2343 huic
326 2265 373 2344 re'i
395 2277 517 2365 obstat,
547 2281 631 2366 quod
653 2304 692 2347 ex
713 2283 757 2348 iis
775 2306 856 2368 quae
878 2286 915 2353 in
935 2288 1061 2355 lacunis
1083 2285 1218 2356 Medicei
1241 2283 1324 2349 codi-

84 2401 88 2410 ·
127 2381 173 2446 cis
196 2381 363 2464 perierunt
385 2383 540 2468 quaedam
568 2384 604 2448 in
625 2381 782 2473 Pragensi
809 2391 930 2476 scripta
958 2396 1043 2457 sunt.
1079 2416 1156 2458 nam
1178 2416 1235 2459 eae
1257 2388 1324 2479 qui·

127 2483 199 2548 dem
221 2483 394 2568 epistulae,
418 2505 553 2567 quarum
574 2487 625 2551 vel
646 2488 741 2554 initia
763 2491 813 2555 vel
835 2492 915 2557 fines
937 2495 972 2558 in
994 2494 1050 2560 illo
1065 2499 1196 2579 propter
1212 2496 1321 2560 arche-

76 2648 79 2653 .
126 2585 197 2670 typi
219 2584 380 2649 defectum
401 2576 580 2668 perierunt,
605 2588 621 2652 I
646 2592 695 2656 16.
718 2591 770 2656 20.
795 2592 844 2657 ΠΙ
868 2596 896 2658 1.
920 2595 951 2658 3.
975 2595 1005 2679 9,
1041 2597 1077 2661 in
1098 2597 1160 2662 hoc
1193 2618 1232 2660 ex
1260 2597 1323 2661 alio

128 2686 272 2752 codicum
295 2708 430 2771 genere,
460 2688 548 2753 cuius
568 2689 684 2773 ,plures
707 2693 804 2757 etiarn
826 2717 914 2760 nunc
936 2702 1108 2781 supersunt
1130 2699 1220 2781 libri,
1249 2720 1324 2782 sup-

126 2788 234 2873 pletae
256 2783 424 2873 leguntur3
447 2811 503 2854 eae
526 2794 633 2857 autem
655 2815 736 2877 quae
751 2798 845 2884 totae
867 2799 990 2864 lacunis
1010 2801 1144 2866 haustae
1167 2802 1322 2864 erantne

127 2891 162 2954 in
196 2889 257 2955 hoc
290 2889 418 2974 quidem
450 2893 588 2976 scriptae
621 2895 746 2981 sunt*).
780 2903 948 2982 praeterea
977 2923 1015 2966 ex
1043 2901 1172 2987 reliquis
1200 2923 1323 2987 quoque

149 3256 158 3265 ·
194 3233 218 3300 ⁸)
239 3236 299 3297 Quo
327 3236 430 3286 certius
457 3235 490 3287 de
519 3252 655 3289 consensu
673 3241 792 3293 Medicei
824 3245 928 3295 codicis
947 3243 995 3311 (Π)
1022 3249 1050 3296 et
1069 3245 1217 3311 Pragensis
1235 3245 1275 3309 (P)
1295 3246 1323 3295 in

126 3304 163 3354 iis
183 3304 268 3354 etiam
290 3303 374 3368 locis,
398 3305 427 3353 in
450 3306 552 3369 quibus
571 3308 723 3360 Vaticanus
742 3327 835 3362 veram
854 3315 1018 3379 scripturam
1043 3314 1179 3376 servavit,
1205 3318 1320 3378 constet,

111 3370 318 3442 ,exemplaeius
323 3373 434 3436 generis
441 3373 743 3442 adscribam,inquibns
754 3396 768 3429 e
779 3381 865 3444 primo
875 3381 1324 3446 libroomniaquaehucpertinent

125 3454 240 3505 ponam,
260 3455 275 3490 e
293 3437 408 3504 reliquis
426 3443 556 3505 graviora
575 3443 684 3508 eligam.
709 3462 733 3511 p.
744 3448 769 3510 6,
789 3450 821 3497 14
839 3448 900 3515 non]
919 3455 982 3499 enirn
1000 3450 1059 3498 BP.
1078 3453 1103 3511 9,
1114 3451 1147 3500 26
1165 3446 1322 3501 carrecta.

127 3541 185 3575 nam
202 3521 260 3590 epo]
285 3521 616 3578 ΑΝΕΝΕΥΥΕΕΝΙΝΑΜ.
643 3530 701 3592 Epo
718 3533 777 3580 ΠΡ.
798 3535 837 3593 11,
856 3535 888 3583 21
907 3551 938 3584 ne
956 3531 1073 3602 molesta]
1093 3535 1119 3584 N
1135 3537 1278 3586 maiestati
1296 3543 1324 3585 ut

125 3609 177 3644 non
194 3595 299 3644 molesta
316 3594 344 3641 P.
363 3595 403 3654 12,
423 3596 455 3644 25
473 3592 546 3661 casa]
567 3612 646 3647 eausa
657 3599 718 3651 ΠΡ.
737 3602 778 3663 14,
804 3603 835 3652 10
853 3603 920 3652 discit
938 3605 1044 3654 otiosum
1062 3599 1130 3670 esse]
1150 3605 1219 3654 dixit
1235 3606 1322 3654 melius

126 3669 165 3710 est
183 3663 288 3711 otiosum
305 3661 430 3712 essene.
451 3663 491 3726 15,
511 3665 526 3713 'i
543 3667 641 3714 antatium
658 3663 815 3734 severitatis]
834 3672 932 3719 multtum
949 3672 1075 3721 serreritae
1088 3672 1116 3720 ll
1132 3674 1208 3721 matta
1226 3673 1322 3722 seueri·

127 3736 168 3778 tas
185 3729 212 3781 P.
241 3730 281 3793 18,
300 3732 316 3779 2
334 3736 438 3779 mortem
456 3732 542 3795 doleo,
565 3734 639 3783 doleo
656 3731 752 3801 autem]
775 3744 878 3787 marten
900 3740 973 3788 doleo
998 3745 1079 3789 antem
1097 3740 1159 3792 ΠΡ.
1187 3742 1226 3802 19,
1246 3742 1262 3789 2
1281 3756 1322 3790 ne·

125 3798 186 3846 mini
202 3797 275 3858 defui
286 3836 293 3850 .
306 3794 393 3860 erant]
412 3800 510 3848 memini
527 3801 664 3862 defuerant
675 3804 702 3849 11
719 3806 793 3853 rnenb
811 3806 931 3867 defuerat
947 3809 975 3855 P.
1003 3809 1045 3869 26,
1066 3809 1097 3856 15
1113 3809 1265 3872 frequenter
1283 3810 1324 3871 epi

127 3880 178 3917 om,
197 3865 256 3914 111².
276 3867 317 3925 31,
337 3866 353 3914 8
371 3867 463 3915 audire
480 3874 506 3916 et
521 3870 546 3917 si
562 3867 653 3934 inulta]
672 3873 763 3921 audire
779 3874 804 3921 si
820 3875 899 3923 innita
916 3876 976 3924 ΗΡ.
1001 3877 1042 3936 32,
1061 3877 1076 3924 2
1095 3872 1181 3940 nosse]
1202 3891 1278 3926 nosce
1295 3877 1323 3924 1

126 3947 232 3982 nocem
255 3935 283 3986 P.
302 3934 344 3994 36,
365 3934 396 3981 12
420 3937 464 3998 qui
481 3934 632 4002 pepererat]
664 3940 757 4002 quippe
777 3948 885 4003 parerat
906 3943 934 3990 Ι
958 3947 1052 4007 quippe
1073 3950 1153 4007 perat
1169 3945 1198 3992 P.
1228 3945 1270 4004 44,
1291 3945 1321 3992 11

130 3997 247 4068 Tucciae]
267 4002 367 4050 drantius
382 3999 441 4050 ΗΡ.
463 4002 505 4066 47,
519 4005 551 4052 22
568 4007 643 4054 istinc
654 4003 754 4073 redire]
774 4010 833 4058 istin
851 4011 994 4060 credere!
1011 4013 1086 4061 istinc
1103 4013 1176 4062 credi
1186 4012 1214 4064 P.
1234 4014 1275 4074 51,
1289 4013 1322 4060 22

127 4065 226 4132 tuerer]
246 4084 323 4118 aerer
339 4070 367 4115 H
385 4085 492 4120 uererer
504 4073 534 4125 P.
552 4073 622 4135 68,2
639 4080 761 4137 poterae,
780 4077 874 4141 inquit,
894 4079 940 4128 bas
957 4079 1036 4128 boras
1054 4095 1104 4130 non
1119 4080 1247 4144 perdere,-
1265 4095 1322 4128 narn

126 4137 213 4199 perire
230 4151 302 4186 omne
320 4143 417 4200 tempas
434 4138 620 4203 arbitrabatur,
639 4145 709 4206 quod
724 4145 816 4194 studiis
828 4160 878 4195 non
896 4145 1092 4212 inpenderetur]
1110 4154 1217 4211 poteras
1235 4148 1323 4211 inquid

126 4204 204 4254 barae
222 4220 272 4255 non
289 4206 473 4270 inpenderetur
490 4208 518 4253 Η
532 4215 641 4271 poteras
659 4213 740 4276 inquit
756 4213 834 4263 boras
852 4230 902 4263 non
920 4217 1060 4277 inpendere
1073 4217 1092 4263 P
1107 4223 1216 4280 poteras
1233 4216 1324 4281 inquid

127 4287 177 4321 non
192 4274 305 4336 perdere
322 4275 411 4337 perire
432 4275 496 4324 enim
514 4276 690 4328 arbitrabatur
713 4283 773 4345 qaia
796 4283 858 4346 quid
873 4283 966 4333 studiis
990 4299 1039 4334 non
1061 4285 1245 4348 inpenderetur
1263 4282 1321 4334 cod.

126 4341 189 4389 Vat.
209 4341 250 4403 ⁷0,
270 4341 285 4389 6
303 4339 473 4407 tranaipebat]
498 4345 639 4395 transiebat
660 4348 721 4398 ΠΡ.
749 4351 790 4412 70,
809 4351 842 4399 27
869 4367 951 4415 nuper
968 4352 1001 4400 L.
1021 4352 1097 4412 Piso,
1123 4359 1201 4416 pater
1218 4353 1321 4402 Pnonis

127 4403 203 4470 illius]
224 4423 306 4488 nuper
322 4408 356 4461 L.
373 4411 472 4472 pisonis
495 4413 561 4461 illiue
578 4414 637 4462 MP.
661 4418 702 4473 90,
726 4419 759 4466 24
785 4420 812 4466 in
837 4433 931 4469 amnena
957 4420 1067 4469 avaritia
1093 4426 1266 4484 sumptuosus,
1294 4425 1321 4470 in

126 4490 219 4555 sunna
234 4475 344 4538 insamae
359 4477 496 4545 pieriosuc]
516 4481 543 4529 in
560 4496 653 4531 surana
670 4484 776 4546 infamia
794 4489 907 4538 auaritia
923 4493 1082 4550 sumptuosus
1099 4490 1125 4538 in
1142 4504 1235 4539 sumna
1253 4489 1321 4550 insa·

126 4558 175 4592 anta
190 4545 317 4608 piorioeus
335 4546 396 4595 Hl'.
415 4546 472 4608 101,
493 4549 524 4597 12
542 4547 669 4600 Caecilius
686 4550 781 4604 Strabo
805 4557 909 4607 aerario
927 4557 1025 4607 censuit
1041 4553 1215 4624 inserendam]
1239 4556 1321 4608 caeci·
