3024 5062
604 276 812 327 PRAEFATIO.
1192 275 1309 323 XXXIII

59 456 65 463 ·
111 429 290 495 editoribus
312 429 414 494 Aldus
437 431 599 514 debuerit,
628 430 703 514 quid
730 429 798 512 ipse
826 427 877 492 vel
905 428 1022 493 codicis
1045 428 1237 493 auctoritate
1259 430 1309 494 vel

111 530 299 595 coniectura
320 553 396 597 usus
424 533 590 618 receperit.
628 552 821 615 quamquam
849 532 957 595 autem
985 530 1088 595 omnis
1115 529 1183 594 fere
1211 529 1310 594 edito·

108 652 183 695 rum
205 632 435 718 exemplarium
456 655 532 699 usus
558 634 734 719 posteriore
761 634 853 716 parte
875 631 1099 716 epistularum,
1115 631 1307 716 continetur,

110 735 238 819 tamen,
263 756 335 799 cum
357 757 399 801 ne
420 736 453 800 in
483 736 588 820 priore
616 735 744 820 quidem
771 734 841 799 sine
868 733 1070 798 incommodo
1096 734 1308 817 praetermitt'
1376 800 1379 803 ,

108 837 259 920 possent,
282 837 419 902 eundem
440 838 570 903 modum
590 858 792 921 peromnem
814 835 987 900 editionem
1008 836 1106 901 tenui.

194 937 224 1001 F.
248 938 393 1003 codicum
414 961 539 1023 quoque
561 938 727 1023 scripturis
749 937 868 1002 multas
890 937 995 1003 omitti
1017 937 1159 1022 potuisse
1182 937 1257 1020 scio,
1282 938 1309 1002 si

108 1038 142 1103 id
165 1042 318 1124 ageretur
339 1042 376 1104 ut
397 1039 479 1104 levia
502 1042 535 1102 et
556 1041 669 1123 aperta
691 1040 770 1102 vitia
791 1059 810 1100 a
837 1038 1039 1121 graviombus
1067 1042 1100 1102 et
1120 1039 1224 1103 dubiis
1247 1037 1310 1102 dis·

110 1144 330 1206 cernerentur.
368 1141 598 1225 sedquoniam
621 1139 762 1224 eligendi
790 1138 958 1203 arbitrium
980 1139 1146 1204 aratione
1168 1140 1309 1206 instituti

111 1243 176 1307 mei
199 1242 342 1308 alienum
364 1246 396 1308 et
423 1242 500 1306 mihi
525 1245 610 1306 certe
638 1243 673 1306 in
702 1262 798 1325 opere
825 1240 1011 1325 peragendo
1038 1243 1145 1306 minus
1173 1263 1310 1307 commo-

108 1344 186 1408 dum
209 1349 295 1428 erat,
324 1347 487 1429 integram
509 1343 657 1409 lectionis
680 1342 930 1427 discrepantiam
959 1341 1107 1407 exhibere
1134 1345 1233 1408 malui
1258 1344 1309 1409 vel

110 1446 220 1510 studui
241 1447 347 1530 potius
370 1444 529 1510 exhibere.
568 1467 645 1510 nam
667 1445 717 1510 vel
740 1450 894 1508 acerrimo
922 1444 1026 1508 studio
1048 1444 1192 1511 adhibito
1214 1469 1309 1530 quam

109 1547 242 1613 difficile
265 1548 308 1612 sit
330 1548 498 1613 adfirmare
520 1547 602 1612 nihil
624 1547 886 1633 praetermissum
914 1568 992 1629 esse,
1021 1549 1142 1612 norunt
1168 1547 1309 1631 quicum-

108 1671 171 1734 que
193 1650 293 1716 libros
320 1672 418 1715 manu
432 1708 433 1711 ,
446 1651 583 1736 scriptos
610 1652 842 1715 tractaverunt.
880 1649 915 1712 in
945 1647 1176 1733 orthographia
1203 1652 1310 1715 autem

109 1750 335 1816 vocabulorum
365 1753 545 1818 Florentini
577 1755 610 1817 et
646 1751 838 1816 Dresdensis
868 1749 986 1815 codicis
1020 1751 1178 1834 scriptura
1185 1802 1194 1836 ,
1228 1773 1308 1835 quae

108 1853 234 1918 nullam
262 1855 487 1920 auctoritatem
514 1855 627 1938 habet,
656 1855 766 1939 paucis
794 1854 873 1919 loeis
903 1853 1045 1936 exeeptis
1073 1874 1139 1916 non
1166 1853 1309 1918 indicata

109 1958 175 2039 est;
209 1956 248 2020 de
269 1955 413 2022 Mediceo
447 1962 480 2023 et
501 1957 662 2024 Vaticano
696 1957 803 2022 codiee
835 1956 943 2020 curavi
972 1959 1009 2018 ut
1035 1955 1070 2020 iu
1098 1957 1158 2020 boc
1185 1976 1308 2041 quoque

108 2079 228 2142 genere
252 2060 430 2143 constaret,
454 2059 710 2144 quandoquidem
733 2063 765 2124 et
786 2060 936 2124 accurate
957 2057 1094 2141 scriptos
1117 2079 1186 2122 esse
1208 2058 1308 2123 libros

110 2159 247 2245 cognovi
270 2182 373 2245 neque
395 2162 509 2226 inutile
538 2183 606 2226 esse
635 2183 749 2226 censeo
777 2161 845 2225 eius
876 2159 991 2224 aetatis
1019 2181 1141 2223 morem
1168 2160 1304 2224 novisse.

108 2284 186 2326 nam
208 2284 247 2327 ex
269 2267 393 2329 remota
416 2264 608 2348 antiquitate
632 2266 776 2347 repetere
804 2262 957 2346 quidquid
986 2261 1193 2326 insolentiore
1215 2263 1308 2327 modo

109 2364 145 2428 iu
172 2364 266 2428 bonis
306 2365 466 2429 codicibus
499 2365 654 2450 scriptum
683 2368 731 2428 est
767 2363 819 2428 vel
857 2363 932 2429 dum
959 2362 1076 2427 menda
1102 2362 1307 2427 librariorum

108 2465 221 2530 tollere
243 2466 423 2547 studemus,
447 2489 556 2532 eorum
571 2465 837 2552 orthographiam
853 2465 944 2549 quasi
967 2466 1008 2529 ab
1023 2465 1183 2529 errbribus
1204 2468 1308 2530 tutam

108 2569 221 2631 tenere
244 2570 278 2631 et
299 2567 333 2631 in
356 2572 500 2633 veterum
523 2569 715 2652 scriptorum
731 2567 829 2632 libros
843 2567 994 2631 inducere
1009 2567 1100 2650 pravi
1116 2567 1225 2631 iudicii
1248 2570 1306 2632 est.

108 2669 262 2734 nimirum
284 2670 359 2754 quid
381 2671 416 2735 in
438 2671 498 2736 hoc
521 2692 639 2756 genere
661 2670 723 2735 sibi
745 2669 951 2754 permiserint
976 2668 1100 2733 librarii
1130 2668 1248 2754 alioqui
1269 2671 1305 2733 in
1338 2685 1343 2696 ’

109 2771 272 2836 communi
295 2771 469 2857 archetypo
492 2772 700 2838 describendo
723 2771 809 2837 haud
831 2771 1057 2856 neglegentes,
1083 2771 1199 2836 collato
1220 2772 1307 2836 inter

108 2895 143 2938 se
164 2873 309 2940 Mediceo
332 2876 364 2939 et
386 2872 546 2940 Vaticano
574 2874 682 2940 codiee
710 2873 806 2958 plane
828 2873 1030 2958 perspicitur.
1069 2873 1177 2958 itaque
1204 2876 1239 2938 in
1267 2896 1304 2939 ca

106 2978 200 3060 parte
210 2977 376 3060 editionis,
393 2976 428 3040 in
446 2996 508 3060 qua
521 2975 663 3040 Mediceo
677 2975 784 3041 codice
807 2975 855 3040 uti
871 2975 1004 3058 licebat,
1027 2975 1153 3040 minora
1168 2975 1308 3061 quidem
1404 2973 1406 2975 ’

107 3078 182 3163 illa,
205 3079 239 3144 iu
264 3078 378 3164 quibus
400 3098 504 3162 neque
527 3080 632 3142 certus
654 3100 757 3162 neque
780 3081 933 3143 constans
948 3080 1091 3142 veterum
1113 3077 1305 3162 scriptorum

107 3201 185 3245 usus
208 3183 293 3265 erat,
317 3180 405 3246 velut
427 3180 696 3246 adsimilationem
718 3179 989 3264 praepositionum
1009 3179 1102 3245 modo
1125 3201 1308 3264 expressam

107 3282 202 3347 modo
224 3283 390 3366 omissam,
414 3285 446 3347 ct
469 3282 507 3347 de
529 3282 643 3367 quibus
666 3282 807 3346 nondum
830 3283 908 3346 satis
925 3284 1052 3346 constat
1074 3281 1114 3345 ad
1136 3281 1231 3346 fidem
1253 3305 1308 3368 op·

108 3383 181 3448 timi
211 3382 285 3448 libri
314 3385 422 3470 exegi,
456 3385 646 3470 praesertim
679 3407 752 3450 cum
785 3383 879 3449 aliter
907 3384 960 3448 vix
983 3385 1217 3467 repraesentari
1240 3385 1307 3449 eius

109 3485 272 3569 scriptura
293 3490 413 3570 posset.
451 3488 486 3552 in
508 3488 547 3552 iis
571 3491 678 3552 autem
701 3509 781 3571 quae
803 3487 933 3551 infimae
955 3486 1072 3550 aetatis
1093 3484 1232 3550 librariis
1255 3486 1306 3552 de·

109 3587 180 3652 beri
192 3587 359 3673 probabile
374 3591 423 3653 est
445 3591 591 3672 veterem¹
601 3593 633 3654 et
654 3589 749 3654 certis
772 3588 964 3653 testimoniis
980 3588 1136 3652 munitam
1152 3589 1308 3653 rationem

110 3690 201 3775 sequi
222 3711 319 3774 quam
341 3690 522 3756 barbariem
546 3691 623 3756 noni
638 3683 696 3755 'vel
724 3690 839 3755 decimi
862 3690 981 3755 saeculi
1003 3711 1182 3775 propagare
1196 3691 1306 3756 malui.

195 3791 363 3878 Epistulae
386 3791 485 3858 Plinii
514 3794 554 3857 ad
582 3793 757 3858 Traianum
788 3795 820 3857 et
848 3792 980 3856 Traiani
1008 3792 1047 3856 ad
1076 3791 1216 3856 Plinium
1243 3816 1307 3858 uno

110 3895 219 3962 codice
261 3917 359 3961 mauu
402 3896 543 3980 scripto,
585 3917 678 3980 quem
723 3895 807 3961 circa
849 3917 969 3959 annum
1008 3894 1090 3960 1500
1129 3894 1164 3958 in
1201 3893 1308 3960 Galba

109 4000 273 4083 repertum
311 4019 399 4080 esse,
438 3997 494 4062 scd
531 3999 643 4080 postea
680 3997 812 4080 periisse
826 4067 836 4079 ,
849 4018 945 4080 supra
982 3995 1103 4060 dictum
1140 3999 1204 4080 est,
1244 4018 1307 4061 me-

113 4099 235 4164 moriae
272 4098 418 4183 proditae
454 4103 540 4163 suut.
591 4098 647 4164 sed
689 4121 727 4163 ex
770 4120 806 4162 eo
849 4097 956 4162 codice
992 4100 1117 4182 partem
1158 4098 1308 4180 epistula-

110 4223 181 4266 rum
229 4223 318 4287 cam,
360 4224 441 4287 quae
477 4200 512 4265 in
549 4201 609 4267 hac
652 4200 792 4266 editione
826 4202 874 4264 est
911 4200 951 4264 ab
990 4198 1127 4284 epistula
1173 4221 1238 4263 una
1276 4204 1308 4265 et

109 4303 356 4388 quadragesima
383 4302 546 4387 usquead
579 4303 677 4368 finem
708 4303 798 4384 libri,
828 4301 952 4386 primus
984 4301 1083 4366 edidit
1112 4299 1260 4366 Hieron
1267 4325 1307 4386 y-

109 4427 192 4471 mus
220 4405 419 4470 Avantius
447 4426 476 4469 a.
503 4405 602 4489 1502,
631 4405 655 4468 f.
683 4406 699 4468 1
728 4411 760 4469 C.
792 4410 887 4469 Plinii
905 4409 1041 4469 lenioris
1068 4408 1112 4467 ud
1140 4406 1308 4471 Troianum

111 4512 252 4587 Epistola
278 4520 327 4572 46.
350 4528 449 4588 nuper
471 4519 591 4588 reperte
612 4529 679 4572 curn
701 4514 831 4571 eiusdem
854 4514 1015 4585 responsis.
1048 4510 1118 4569 Cum
1129 4513 1306 4587 priuilegio.

163 4611 231 4650 Pmm
244 4620 315 4652 mar.
328 4620 366 4650 ru.
379 4610 447 4651 Krrr..
1084 4628 1098 4660 ρ
