3024 5062
238 272 322 320 XLIV
729 269 936 317 PRAEFATIO.

239 427 328 508 rent,
351 424 406 488 sed
428 424 512 508 quod
534 422 614 488 mihi
635 426 720 506 tum,
745 444 817 486 cum
839 421 1017 486 orationem
1032 420 1130 484 Plinii
1153 417 1298 503 epistulis
1321 417 1439 483 addere

238 525 401 608 const'tui‚
424 525 529 609 parati
564 533 665 589 erant.
703 525 758 589 sed
781 524 857 608 quia
877 522 992 587 inutile
1022 525 1092 586 erat
1118 521 1280 606 integram
1302 519 1439 604 scriptu·

238 649 307 691 ram
334 626 488 690 librorum
517 629 737 710 corruptorum
772 629 805 689 et
833 624 1100 707 interpolatorum
1129 642 1323 706 proponere,
1353 622 1435 705 tum,

238 751 310 792 cum
331 727 404 791 libri
428 749 506 812 quos
528 728 562 790 in
587 726 811 792 constituenda
833 725 970 789 lectione
991 726 1119 788 secutus
1145 744 1216 786 sum
1231 723 1437 806 dissentiunt,

237 829 288 893 vel
316 829 420 913 siquid
448 832 614 912 praetcrea
642 828 796 892 memoria
823 826 958 911 dignum
987 847 1056 890 esse
1089 824 1274 907 videbatur,
1308 823 1439 889 illorum

237 932 320 994 ratio
342 928 454 994 habita
482 933 540 993 est.
578 951 675 1014 quare
703 930 738 993 in
765 930 805 993 iis
833 927 960 1012 quidem
982 926 1076 1009 locis,
1106 926 1142 990 in
1168 924 1283 1008 quibus
1305 926 1438 1010 propria

239 1030 395 1114 quaedam
417 1030 510 1093 unius
533 1031 727 1115 reliquorum
749 1031 829 1094 vitia
844 1027 1028 1093 adnotanda
1048 1027 1196 1108 fuerunt,
1219 1026 1290 1091 illos
1312 1048 1438 1112 quoque

240 1152 311 1194 cum
333 1133 425 1194 textu
446 1152 540 1214 quem
556 1130 685 1195 exhibui
708 1131 890 1195 consentire
905 1129 1091 1213 plerumque
1114 1151 1180 1193 non
1201 1126 1364 1212 adnotavi,
1380 1129 1437 1194 sed

239 1232 310 1316 ipso
331 1231 461 1295 silentio
483 1231 630 1316 intellegi
654 1230 752 1314 volui3
775 1231 810 1295 in
825 1231 955 1315 reliquis
978 1252 1015 1294 ea
1030 1233 1157 1295 tanturn
1179 1230 1318 1315 quaein
1340 1229 1437 1295 adno-

239 1333 362 1397 tatione
396 1332 559 1416 adscripta
586 1335 663 1397 sunt
695 1333 742 1397 sic
769 1332 834 1416 legi
855 1333 891 1395 in
912 1330 977 1394 illis
1011 1335 1146 1396 constat.
1184 1330 1235 1396 his
1267 1331 1437 1415 praesidiis

240 1437 347 1499 autem
380 1434 444 1498 ianr
477 1434 554 1497 satis
586 1432 743 1498 munitam
771 1454 839 1497 esse
868 1433 985 1497 veteris
1012 1432 1189 1516 scripturae
1217 1434 1437 1518 cognitionem

239 1539 326 1621 puto.
364 1557 440 1599 nam
462 1534 516 1598 ubi
531 1539 598 1599 tres
619 1535 710 1618 libri,
733 1555 867 1619 quorum
882 1534 1010 1618 integra
1026 1535 1184 1619 scriptura
1207 1533 1351 1599 exhibita
1373 1538 1433 1619 est,

239 1638 289 1702 vel
312 1637 373 1701 duo
395 1635 501 1721 potius
523 1647 553 1701 A
576 1640 609 1701 et
629 1646 657 1700 B
679 1637 764 1701 inter
791 1657 825 1700 se
853 1636 1076 1718 consentiunt,
1106 1634 1272 1719 archetypi
1301 1635 1436 1721 scriptu·

238 1760 308 1804 ram
331 1740 417 1803 certo
440 1737 723 1822 deprehendimus3
751 1737 805 1800 ubi
829 1736 1040 1819 dissentiunt,
1069 1735 1118 1800 illi
1143 1737 1328 1801 testimonio
1351 1737 1435 1821 quod

241 1839 431 1905 auctoritate
454 1839 645 1923 reliquorum
669 1839 875 1904 confirmatur
896 1838 1049 1902 maiorem
1069 1837 1164 1902 fidem
1179 1838 1287 1903 deberi
1303 1859 1436 1903 consen-

237 1945 370 2006 taneum
393 1944 451 2005 est.
489 1962 680 2024 quamquam
702 1940 868 2005 fatendum
896 1943 945 2004 est
972 1939 1167 2004 dubitationi
1189 1939 1275 2004 haud
1297 1961 1370 2003 raro
1391 1940 1436 2005 lo

242 2065 313 2108 cnm
335 2042 483 2106 relictum
506 2062 590 2125 esse,
620 2043 756 2106 maxime
779 2042 813 2106 in
835 2040 1007 2106 levioribus
1029 2039 1108 2124 illis,
1138 2041 1173 2104 in
1196 2041 1309 2125 quibus
1332 2063 1435 2126 neque

239 2165 345 2208 rerum
367 2143 545 2207 rationibus
567 2164 670 2227 neque
692 2142 817 2227 legibus
839 2141 995 2207 sermonis
1016 2142 1168 2206 iudicium
1191 2142 1325 2227 regitur,
1348 2142 1437 2207 velut

242 2243 276 2309 in
300 2243 509 2309 collocatione
531 2244 713 2328 verborum,
735 2245 771 2308 in
792 2266 856 2328 qua
877 2265 972 2328 saepe
1001 2264 1038 2307 ea
1067 2245 1116 2308 est
1143 2243 1297 2308 librorum
1319 2243 1436 2308 discre-

238 2345 367 2430 pantia,
399 2348 435 2409 ut
468 2345 544 2430 quid
576 2345 612 2409 in
634 2348 740 2409 vetere
763 2345 870 2409 codice
903 2346 1057 2428 scriptum
1089 2345 1189 2408 fuerit
1220 2345 1350 2409 omnino
1372 2345 1436 2410 dici

238 2450 387 2532 nequeat.
425 2449 591 2530 praeterea
618 2469 720 2531 pauca
749 2469 766 2511 e
789 2447 950 2511 codicibus
976 2447 1051 2510 olim
1075 2447 1115 2511 ab
1144 2446 1319 2511 editoribus
1346 2467 1436 2511 usur-

239 2549 324 2633 patis
347 2551 379 2613 et
401 2570 440 2612 ex
463 2546 694 2612 Mediolanensi
722 2549 829 2613 codice
857 2551 949 2613 etex
972 2548 1202 2632 antiquissimis
1226 2547 1431 2631 editionibus,

240 2651 274 2716 in
296 2650 408 2734 primis
429 2648 600 2713 Puteolani
623 2652 688 2735 (ς),
713 2650 875 2714 adnotavi.
908 2650 944 2714 in
967 2650 1081 2734 quibus
1102 2649 1250 2725 omnibus
1272 2650 1325 2714 vix
1347 2649 1435 2734 quic·

239 2774 336 2835 quam
357 2751 531 2834 invenitur,
555 2751 638 2834 quod
661 2751 840 2815 accuratius
862 2751 897 2815 in
920 2751 984 2815 illis
1007 2774 1102 2836 quam
1124 2752 1158 2815 in
1181 2751 1221 2815 iis
1243 2751 1334 2814 libris
1356 2772 1435 2835 quos

239 2853 308 2936 ipse
340 2857 466 2916 secutus
495 2874 564 2916 sum
597 2874 636 2916 ex
658 2853 832 2937 archetypo
854 2856 1015 2917 servatum
1037 2853 1095 2936 sit,
1130 2852 1185 2917 sed
1218 2852 1323 2937 siquid
1345 2851 1444 2917 recte'

240 2955 394 3037 scriptum
417 2955 475 3035 est,
500 2953 701 3018 coniecturae
724 2952 876 3019 Italorum
899 2954 1042 3018 debetur.
1113 2958 1116 2965 '

327 3053 466 3139 Longius
490 3054 585 3118 etiam
609 3055 756 3140 persequi
779 3056 893 3120 veteris
916 3056 1091 3139 scripturae
1113 3055 1300 3120 memoriam
1322 3056 1434 3139 paucis

241 3155 318 3219 locis
340 3155 432 3219 licuit
454 3155 608 3220 beneficio
629 3156 727 3221 trium
743 3157 928 3222 schedarum
951 3158 1178 3241 rescriptamm
1204 3160 1274 3241 (B),
1298 3178 1377 3241 quas
1400 3157 1435 3221 in

243 3257 349 3322 codice
373 3256 538 3339 Bobiensi‚
561 3257 616 3342 qui
637 3280 725 3322 nunc
740 3263 789 3323 est
805 3259 1035 3324 Ambrosianus
1051 3259 1117 3323 ord.
1141 3281 1211 3342 sup.
1235 3258 1353 3342 E147,
1368 3281 1434 3323 una

242 3381 312 3423 cum
346 3357 518 3423 Frontonis
551 3361 583 3422 et
616 3358 797 3442 Symmachi
830 3363 863 3424 et
895 3360 1029 3425 aliorum
1065 3363 1210 3425 veterum
1241 3359 1434 3443 scriptorum

238 3459 430 3544 fragmentis
446 3459 591 3545 Angelus
606 3460 710 3525 Maius
732 3462 857 3526 invenit
872 3483 1041 3546 earumque
1053 3462 1226 3546 scripturas
1242 3461 1282 3524 ab
1298 3462 1434 3525 Arntze·

239 3563 286 3626 nii
309 3561 448 3625 editione
470 3562 688 3646 discrepantes
717 3562 816 3627 edidit
843 3563 878 3628 in
906 3563 1098 3648 Symmachi·
1118 3563 1257 3628 editione
1280 3561 1434 3626 Mediola-

239 3664 331 3727 nensi
356 3685 385 3725 a.
412 3663 503 3726 1815.
541 3663 620 3727 Maii
643 3664 815 3728 editionem
838 3687 909 3729 cum
936 3665 1128 3750 fragmentis
1150 3664 1323 3728 Frontonis
1346 3684 1434 3747 repe-

239 3765 293 3829 tiit
314 3763 509 3828 Niebuhrius
532 3764 674 3830 Berolini
697 3789 725 3830 a.
751 3766 844 3849 1816,
879 3767 932 3849 qui
967 3789 1047 3850 quae
1079 3767 1119 3831 de
1151 3765 1258 3830 codice
1281 3763 1433 3829 Bobiensi

240 3866 338 3930 variis
359 3865 438 3930 locis
461 3888 479 3929 a
501 3865 587 3930 Maio
616 3866 702 3932 dicta
729 3871 821 3932 erant
850 3870 1028 3952 composuit
1054 3868 1157 3951 praef.
1186 3890 1218 3952 p.
1243 3866 1295 3931 34.
1334 3866 1373 3930 de
1396 3887 1434 3930 ea

241 3973 332 4053 parte
355 3989 435 4052 quae
458 3968 497 4031 ad
519 3967 714 4033 Frontonem
740 3969 882 4054 pertinet
901 3991 1005 4054 nuper
1032 3969 1208 4054 disputavit
1229 3967 1377 4032 Naberus
1400 3967 1434 4031 in

241 4069 475 4154 prolegomenis
508 4091 610 4135 novae
643 4071 776 4136 editioni
790 4078 792 4082 ’
806 4071 1015 4154 epistularum
1037 4070 1211 4136 Frontonis
1240 4069 1434 4153 praemissis.

241 4170 318 4235 mihi
343 4171 570 4236 accuratiorem
593 4173 741 4237 notitiam
770 4173 838 4237 eius
865 4172 966 4256 partis
995 4195 1076 4257 quae
1104 4194 1142 4236 ex
1164 4171 1262 4236 Plinii
1290 4173 1434 4236 oratione
1466 4187 1469 4191 ’

116 4314 119 4319 ·
241 4274 354 4338 relicta
387 4276 436 4338 est
461 4273 589 4357 paravit
615 4274 773 4338 industria
795 4276 835 4338 et
855 4275 1031 4340 liberalitas
1053 4274 1146 4340 Pauli
1173 4273 1347 4358 Kruegeri,
1380 4273 1435 4357 qui

242 4380 376 4460 rogante
410 4375 607 4440 Mommseno
644 4376 784 4441 codicem
818 4376 1057 4441 accuratissime
1088 4398 1159 4441 cunr
1192 4398 1263 4440 mea
1294 4375 1434 4441 editione

244 4477 381 4542 contulit
424 4480 456 4542 et
494 4477 627 4543 schedas
660 4501 730 4545 snas
763 4478 985 4544 liberalissime
1017 4500 1140 4543 mecum
1160 4477 1432 4551 communicavit.
