3024 5062
184 303 247 366 284
587 317 617 364 e.
641 317 736 364 emm
760 318 803 363 nr
826 317 970 365 ramam

183 493 262 555 opus
284 471 469 535 inchoatum
484 475 548 555 est,
571 470 719 535 adfirmat
740 471 879 554 parietes
897 491 1089 555 quamquam
1109 470 1227 555 viginti
1249 473 1283 534 et
1297 468 1376 534 duos

183 574 279 658 pedes
308 574 389 638 latos
416 574 566 657 imposita
587 594 685 638 onera
711 573 869 637 sustinere
891 595 957 637 non
979 593 1089 656 posse,
1120 572 1194 656 quia
1217 572 1285 636 sint
1307 593 1376 637 cac-

154 678 292 741 5mento
313 675 409 739 medii
430 674 509 739 farti
529 696 589 739 nec
611 677 751 739 testaceo
774 696 869 758 opere
884 674 1072 758 praecincti.
1104 673 1376 758 Claudiopolitani

184 799 306 861 quoque
328 777 363 840 in
385 777 533 860 depresso
555 776 641 859 loce,
672 777 860 841 imminente
884 777 982 840 etiam
1004 779 1129 860 monte,
1157 776 1274 861 ingens
1296 776 1376 841 bali-

183 901 279 943 neum
301 878 467 943 defodiunt
480 879 584 963 magis
606 901 702 963 quam
718 878 905 961 aedificant,
928 881 961 943 et
981 878 1109 963 quidem
1124 899 1162 943 ex
1185 899 1223 944 ea
1238 879 1401 962 pecunias

183 1003 277 1065 quam
305 980 454 1045 buleutae
483 981 583 1044 additi
611 981 766 1045 beneficio
794 984 848 1044 tuo
878 983 934 1045 aut
960 981 1026 1044 iam
1048 981 1233 1045 obtulerunt
1260 981 1301 1044 ob
1328 980 1376 1044 in-

85 1156 89 1162 ,
154 1083 317 1147 (itroitum
345 1085 400 1146 aut
427 1083 519 1147 nobis
549 1083 751 1167 exigentibus
775 1083 954 1176 conferunt.
987 1104 1158 1170 ergocum
1179 1084 1313 1147 timeam
1335 1103 1376 1146 ne

183 1185 249 1248 illie
275 1184 405 1271 publica
432 1185 584 1268 pecunia,
620 1184 688 1268 hic,
723 1185 807 1269 quod
837 1189 886 1249 est
913 1186 999 1250 omni
1028 1185 1165 1269 pecunia
1193 1184 1374 1269 pretiosius,

183 1307 297 1349 munus
320 1288 410 1349 tuum
437 1286 521 1350 male
549 1286 735 1370 collocetur,
765 1308 862 1372 cogor
888 1289 1039 1372 peteme
1067 1289 1100 1350 te
1121 1307 1187 1351 non
1210 1286 1314 1351 solum
1336 1287 1376 1351 ob

183 1386 342 1452 theatrum
357 1408 467 1451 verum
489 1387 585 1451 etiam
601 1388 640 1451 ob
663 1387 743 1452 haec
765 1388 893 1453 balinea
911 1389 1022 1453 mittas
1039 1387 1250 1452 architectum
1272 1387 1411 1472 dispe-10

185 1492 324 1571 cturum,
354 1491 461 1552 utrum
488 1489 531 1552 sit
558 1489 668 1553 utilius
690 1492 764 1573 post
785 1492 947 1574 sumptum
969 1491 1023 1575 qui
1051 1491 1157 1554 factus
1180 1493 1230 1554 est
1251 1511 1375 1574 quoquo

183 1591 276 1656 modo
305 1612 525 1655 consummare
552 1613 665 1675 opera,
695 1594 731 1657 ut
758 1592 910 1657 inchoata
938 1595 1029 1676 sunt,
1060 1614 1102 1656 an
1123 1613 1204 1676 quae
1227 1591 1376 1655 videntur

184 1693 382 1757 emendanda
396 1693 585 1778 corrigere,
621 1715 701 1778 quae
734 1693 961 1757 transferenda
994 1693 1186 1777 transferre,
1216 1714 1273 1776 ne,
1302 1692 1374 1756 dum

184 1817 308 1859 servare
322 1795 467 1859 volumus
482 1795 565 1880 quod
581 1795 762 1879 impensum
783 1797 847 1878 est,
870 1795 952 1859 male
967 1794 1191 1879 impendamus
1214 1795 1300 1879 quod
1322 1795 1372 1860 ad·

184 1897 321 1961 dendurn
345 1900 402 1962 est.
1383 1914 1403 1955 a

636 2066 702 2131 xn.
728 2065 918 2154 [mmm]

614 2189 797 2241 TRAIANUS
821 2189 947 2241 PLINIO

157 2305 170 2365 l
268 2304 349 2380 Quid
364 2308 511 2390 oporteat
532 2305 601 2369 fieri
623 2306 708 2370 circa
730 2304 892 2370 theatrum
912 2306 995 2390 quod
1016 2306 1203 2371 inchoatum
1218 2306 1304 2390 apud
1317 2304 1369 2369 Ni·

185 2429 333 2472 caeenses
362 2411 410 2472 est
436 2409 470 2470 in
503 2428 538 2470 re
566 2408 730 2491 praesenti
758 2406 877 2490 optime
906 2406 1097 2472 deliberabis
1127 2411 1159 2473 et
1188 2408 1367 2473 constitues.

183 2508 261 2573 mihi
289 2509 428 2574 sufficiet
453 2509 590 2574 indicari
619 2509 670 2572 oui
697 2509 875 2573 sententiae
904 2510 1084 2575 accesseris.
1120 2513 1200 2575 tuno
1226 2512 1333 2574 autem
1353 2526 1396 2573 ab

182 2610 317 2694 privatis
340 2611 426 2696 exigi
448 2632 544 2695 opera
565 2611 626 2677 tibi
648 2631 741 2675 curae
764 2611 821 2693 sit,
844 2631 915 2674 cum
937 2610 1115 2695 theatrum,
1138 2610 1369 2695 propterquod

153 2711 238 2776 ailla
258 2713 415 2796 promissa
446 2716 535 2796 runt,
563 2713 684 2777 factum
707 2712 777 2776 erit.
815 2714 992 2797 gymnasiis
1014 2713 1187 2798 indulgent
1209 2711 1369 2778 Graeculi:
1415 2760 1418 2766 -

182 2813 253 2878 ideo
280 2814 417 2878 forsitan
439 2813 634 2879 Nicaeenses
662 2813 781 2877 maiore
808 2814 916 2878 animo
939 2814 1210 2880 constructionem
1233 2814 1300 2879 eius
1322 2813 1368 2878 ad-

183 2916 285 3000 gressi
308 2919 392 2981 sunt.
423 2916 478 2980 sed
499 2919 625 3000 oportet
646 2914 718 2979 illos
741 2935 778 2979 eo
801 2918 968 2980 contentos
990 2939 1059 2982 esse
1082 2918 1166 3002 quod
1187 2917 1291 3001 possit
1311 2915 1367 2980 illis

153 3017 337 3083 3sufficere.
367 3018 443 3102 quid
466 3017 751 3101 Claudiopolitanis
775 3017 859 3081 circa
880 3018 1061 3103 balineum,
1085 3020 1170 3104 quod
1191 3040 1316 3103 parum,
1338 3019 1369 3081 ut
1377 3033 1395 3074 2⁵

183 3119 314 3202 scribla,
338 3120 451 3184 idoneo
473 3120 542 3184 loco
564 3119 811 3203 inchoaverunt,
841 3120 1037 3186 suadendum
1059 3121 1103 3185 sit
1123 3123 1160 3185 tu
1188 3122 1366 3185 constitues.

183 3219 351 3286 architecti
372 3221 432 3285 tibi
454 3221 563 3286 deesse
585 3244 651 3285 non
672 3225 817 3305 possunt.
847 3222 937 3286 nulla
951 3223 1117 3308 provincia
1140 3226 1191 3288 est
1213 3244 1294 3307 quae
1308 3243 1367 3286 non

182 3323 302 3406 peritos
332 3327 365 3388 et
391 3324 576 3408 ingeniosos
600 3322 747 3388 homines
771 3323 905 3408 habeat,
934 3325 1027 3388 modo
1053 3346 1095 3388 ne
1116 3323 1281 3390 existimes
1306 3325 1367 3388 bre

182 3424 251 3488 rius
279 3445 348 3488 esse
376 3425 416 3488 ab
438 3425 516 3491 urbe
538 3425 640 3510 mitti,
671 3447 742 3490 cum
770 3447 809 3490 ex
834 3425 969 3492 Graecia
995 3426 1094 3492 etiam
1121 3426 1162 3492 ad
1184 3449 1244 3493 nos
1266 3427 1366 3493 venire

182 3525 268 3590 soliti
290 3526 366 3590 sint.
1376 3543 1395 3582 ³⁰

692 3611 776 3677 xm
801 3610 861 3702 [n]

462 3733 493 3782 Ο.
511 3733 658 3784 PLINIUS
681 3733 842 3785 TRAIANO
860 3735 1088 3789 IMPERATORI

156 3837 170 3895 l
266 3831 411 3896 Intuenti
433 3833 512 3897 mihi
534 3836 567 3897 et
588 3832 736 3897 fortunae
755 3835 830 3898 tuae
853 3837 885 3898 et
907 3834 1007 3898 animi
1021 3834 1280 3920 magnitudinem
1301 3857 1366 3901 oon·

182 3933 459 3999 venientissimum
480 3935 605 3999 videtur
620 3934 838 4000 demonstrare
853 3958 950 4020 opera
972 3959 1038 4002 non
1053 3937 1160 4001 minus
1182 3938 1366 4003 aeternitate

249 4110 264 4157 2
284 4109 348 4171 quia
367 4110 426 4159 sine
445 4112 588 4159 caemcnto
607 4109 695 4159 medio
714 4108 782 4158 farti
799 4112 878 4161 editio
897 4111 1056 4161 Basileensic
1135 4111 1151 4160 6
1170 4111 1260 4162 additi
1280 4112 1366 4162 Carcu-

182 4175 260 4225 boaus
279 4176 382 4226 addunt
400 4191 417 4225 a
436 4176 552 4227 addendi
572 4177 601 4228 G.
620 4177 657 4226 H.
675 4177 830 4241 Schaeferae
899 4181 914 4229 7
933 4177 1075 4229 conferent
1093 4177 1240 4234 catenarus

249 4243 298 4293 XL
318 4246 349 4295 18
367 4246 500 4295 Nicenses
519 4259 536 4293 a
603 4247 636 4294 23
653 4244 785 4295 Nicenses
803 4262 820 4295 a
896 4248 929 4295 24
946 4245 1004 4296 illis
1022 4245 1149 4296 sufficere
1168 4247 1314 4299 catacoeno
1329 4245 1366 4296 illi

182 4310 305 4362 sufficere
325 4325 341 4358 a
360 4313 411 4361 tibi
430 4312 559 4363 sufficere
578 4313 746 4364 Mommeemcs
802 4317 835 4366 30
853 4314 929 4365 soliti
948 4314 1004 4364 sint
1022 4315 1099 4364 editio
1118 4315 1281 4367 Basileenris
1297 4313 1366 4366 soliti

181 4382 245 4428 sunt
263 4393 280 4426 a

250 4447 313 4497 XLI
331 4449 373 4498 De
392 4448 454 4498 lacu
472 4449 708 4502 Nicomedensium
730 4450 865 4516 Epistola.
883 4450 1028 4500 XXVHA
1050 4449 1093 4501 De
1111 4450 1178 4502 lacu
1195 4450 1365 4503 Nicomeden·

183 4514 253 4564 sium
271 4530 287 4563 a
297 4555 303 4567 .
313 4517 372 4566 item
389 4518 416 4566 ia
432 4519 537 4581 reliquis
554 4520 669 4582 epistulis
687 4534 803 4571 numeros
820 4521 846 4569 in
863 4521 886 4569 A
904 4520 1050 4584 adscriptor
1067 4534 1116 4570 om.
1135 4533 1152 4568 a
1213 4521 1248 4571 34
1264 4519 1365 4571 demon·

183 4587 272 4634 strare
290 4583 435 4636 Coronaeus
453 4583 632 4637 demonstrari
648 4588 671 4636 A
