3024 5062
202 258 264 322 382
598 268 607 280 ‘
724 274 752 322 6.
775 275 874 322 16161

203 449 276 491 vum
299 448 393 491 omne
416 428 566 492 6111616
589 429 621 490 et
642 427 760 513 fragile
782 431 841 493 661.
872 428 981 511 itaque
996 427 1151 512 optimum
1167 447 1323 512 quemque
1338 426 1401 492 niti

203 532 235 592 61
258 528 451 593 contendere
474 528 565 593 decet
587 532 624 593 61
645 533 719 614 6661
746 552 780 595 66
808 551 932 614 666666
954 529 1001 593 161
1023 528 1171 614 publicae
1193 529 1311 614 prosit,
1335 549 1401 594 mo

204 631 378 694 derationis
393 629 518 695 scilicet
531 630 737 715 iustitiaeque
753 631 969 696 monumentis
975 680 984 714 ,
1008 651 1090 714 6666
1105 629 1244 713 plurima
1260 633 1401 695 statuere

205 732 314 797 consul
337 735 455 816 661661.
494 733 573 798 11666
595 755 711 819 nempe
732 733 872 799 intentio
901 735 974 816 tua,
1003 735 1040 795 ut
1066 731 1249 797 libertatem
1271 752 1401 797 revoces

204 856 241 898 ac
273 834 417 898 reducas.
466 856 560 918 quem
589 855 666 919 ergo
701 834 858 899 honorem
880 834 983 919 magis
1012 854 1136 917 amare,
1170 834 1254 918 quod
1282 853 1427 898 nomene

203 957 357 1021 usurpare
380 935 506 1021 saepius
529 936 642 1019 debes,
671 957 767 1020 quam
790 936 874 1020 quod
895 936 1036 1021 primum
1057 934 1183 1000 invenit
1210 939 1401 1020 recuperata

203 1037 361 1102 libertas?
383 1059 449 1102 non
472 1041 521 1102 est
543 1037 648 1102 minus
672 1038 764 1102 civile
787 1040 819 1102 et
840 1037 1020 1122 6116616616
1043 1058 1112 1103 6666
1127 1037 1248 1121 6611161
1271 1041 1304 1103 61
1327 1059 1402 1103 6611-

204 1141 305 1204 661616
326 1161 423 1224 66616
450 1143 578 1205 1661661
607 1140 781 1205 6611661616.
824 1140 907 1203 habe
936 1140 1034 1203 etiam
1060 1138 1221 1203 rationem
1249 1161 1403 1205 verecun-

203 1241 275 1305 diae
298 1241 493 1326 collegarum
516 1244 660 1324 tuorum,
687 1241 882 1326 collegarum
904 1241 1053 1324 inquam:
1081 1241 1128 1305 ita
1155 1241 1243 1307 enim
1270 1246 1303 1307 61
1331 1243 1401 1327 1666

204 1343 342 1428 16666116
365 1347 398 1407 61
418 1364 478 1407 nos
500 1343 588 1427 loqui
611 1344 669 1407 vis.
707 1364 844 1408 onerosa
871 1342 933 1408 erit
953 1342 1129 1407 modestiae
1159 1342 1290 1407 illorum
1312 1343 1401 1408 tertii
1415 1367 1437 1404 10

205 1446 388 1510 consulatus
416 1447 469 1529 661Ι
493 1445 688 1529 recordatio,
721 1445 822 1510 donec
848 1447 881 1509 te
910 1445 1036 1529 saepius
1066 1445 1229 1510 consulem
1257 1445 1400 1510 videant.

204 1568 306 1629 neque
328 1546 414 1611 enim
436 1551 542 1630 potest
564 1569 630 1611 non
652 1547 788 1612 nimium
810 1564 880 1612 esse
900 1547 1035 1632 privatis
1057 1547 1142 1632 quod
1155 1548 1299 1632 principi
1321 1549 1402 1613 satis

204 1653 262 1714 est.
308 1649 445 1733 adunas,
473 1649 604 1734 Cacsar,
634 1650 839 1735 optantibus,
869 1650 1047 1734 quibusque
1077 1650 1161 1734 apud
1189 1650 1266 1713 deos
1290 1643 1402 1715 adesse

154 1753 195 1818 79
206 1752 381 1835 consuesti,
404 1772 538 1836 quorum
560 1754 652 1836 potes
674 1752 910 1836 1666161616111
933 1751 1223 1835 661666166166166.
1260 1751 1323 1816 tibi
1336 1751 1401 1816 for-

204 1856 288 1918 tasse
310 1853 450 1918 sufficiat
471 1854 584 1918 tertius
607 1852 808 1919 consulatus:
832 1853 885 1919 sed
908 1852 1002 1917 nobis
1025 1855 1117 1916 tanto
1138 1853 1245 1918 minus
1267 1853 1400 1918 sufficit.
1416 1875 1437 1912 15

204 1954 259 2018 ille
280 1977 339 2019 nos
360 1954 502 2019 instituit
523 1957 556 2019 et
577 1954 703 2019 induxit
724 1957 761 2019 ut
783 1957 814 2018 16
829 1955 946 2019 1161661
966 1953 1142 2039 iterumque
1159 1955 1325 2020 consulem
1347 1955 1401 2019 ha·

206 2057 280 2120 bere
303 2056 478 2140 cupiamus.
515 2056 677 2121 remissius
700 2054 784 2120 istud
812 2056 1076 2121 contenderemus
1083 2105 1092 2139 ,
1121 2056 1149 2120 si
1172 2057 1278 2122 adhuc
1299 2059 1401 2124 nesci·

206 2179 311 2222 remus
333 2157 435 2241 qualis
463 2179 548 2221 esses
576 2157 717 2223 futurus:
748 2157 949 2223 tolerabilius
975 2158 1040 2222 fuit
1070 2159 1327 2242 experimentum
1354 2161 1401 2225 tui

206 2260 300 2323 nobis
331 2280 428 2344 666111
460 2282 552 2324 66616
584 2260 708 2346 negari.
758 2260 927 2325 dabiturne
959 2281 1069 2326 rursus
1096 2260 1203 2325 ridere
1236 2261 1400 2327 consulem

206 2362 318 2426 illum?
340 2362 461 2446 audiet,
485 2362 597 2427 reddet
611 2384 689 2447 quas
704 2363 848 2447 proxime
870 2383 963 2428 voces
985 2362 1225 2448 praestabitque
1247 2362 1433 2447 gaudiumn

206 2466 361 2549 quantum
387 2464 456 2547 ipse
484 2463 664 2548 percipiet?
699 2463 893 2548 praesidebit
919 2464 1063 2528 laetitiae
1090 2463 1260 2548 publicae,
1291 2469 1401 2530 auctor

206 2567 273 2630 eius
296 2569 328 2630 et
351 2587 462 2649 causa,
484 2565 718 2649 temptabitque
740 2565 886 2630 adfectus
907 2568 1050 2649 nostros,
1073 2568 1110 2630 ut
1132 2567 1226 2651 solet,
1251 2566 1399 2632 cohibere

205 2690 266 2733 666
292 2667 434 2752 poterit?
469 2668 584 2753 pietati
611 2671 742 2733 6666166
770 2689 842 2733 6661
869 2668 1025 2732 modestia
1051 2667 1208 2752 principis
1230 2668 1312 2732 felix
1333 2690 1399 2753 spe·

207 2771 390 2855 ciosumque
419 2772 597 2853 certamen,
630 2790 686 2833 seu
713 2769 812 2834 fuerit
833 2770 918 2834 victa
939 2791 996 2834 666
1017 2769 1139 2834 1166111.
1178 2769 1327 2854 equidem
1353 2772 1400 2835 in·

207 2874 371 2959 cognitam
403 2872 563 2957 quandam
598 2872 806 2956 proximaque
838 2871 991 2937 maiorem
1022 2892 1192 2957 praesumo
1230 2873 1429 2938 laetitiama

205 2977 276 3061 quis
299 2976 383 3040 enim
412 2978 461 3039 est
481 2978 549 3039 tam
571 2975 731 3040 imbecillo
757 2975 906 3061 ingenio,
941 2975 996 3060 qui
1023 2996 1090 3039 non
1117 2977 1210 3039 16616
1236 2975 1398 3041 meliorem

211 3153 229 3158 ...
247 3152 407 3159 ..—

273 3252 424 3317 3plurima
443 3251 568 3302 81666166
587 3252 675 3318 prima
693 3249 748 3300 AB.
778 3248 896 3315 plurima
923 3252 1021 3314 ‘priato
1041 3252 1117 3301 661111
1137 3251 1219 3302 libro’
1244 3253 1397 3318 6166116166

206 3337 262 3371 6666
282 3323 378 3370 indicat
396 3320 556 3370 Schwarzr'ue
625 3326 749 3369 statuere
766 3320 811 3368 Β6
828 3321 1008 3381 66661616616
1027 3318 1050 3367 A
1117 3320 1227 3385 4potes
1245 3321 1352 3385 Lipsiae

206 3391 345 3455 Stantem
366 3389 499 3439 66666111
567 3388 639 3438 habe
658 3386 788 3437 Livineius
805 3387 891 3437 habes
908 3386 978 3442 ΔΒς
995 3387 1146 3438 1161661611
1214 3388 1396 3440 verecundiae

206 3485 236 3492 —
257 3461 316 3520 383,
337 3460 368 3508 15
386 3457 520 3521 principis
538 3461 621 3521 61666
640 3457 663 3504 Β
750 3458 781 3506 10
799 3455 866 3504 16111
888 3455 983 3504 666661
1000 3456 1024 3503 Β
1111 3457 1140 3504 11
1160 3459 1188 3506 16
1207 3471 1318 3522 saep...
1338 3472 1396 3508 con-

206 3525 293 3577 sulem
311 3527 335 3574 R
353 3531 380 3575 16
399 3524 539 3575 6611661611
557 3524 646 3574 ABod
664 3530 691 3574 te
710 3527 838 3588 quartum
857 3522 998 3572 consulem
1015 3522 1146 3574 Liuineius
1276 3527 1310 3576 13
1329 3523 1396 3590 apud

206 3594 285 3659 (aput
302 3595 335 3658 Β)
355 3594 421 3643 deos
440 3593 535 3642 adesse
552 3593 616 3641 11611
635 3592 708 3657 apud
726 3591 791 3643 deos
810 3607 873 3642 6666
890 3590 936 3640 ΔΒ
1058 3593 1090 3642 14
1108 3605 1222 3655 6661661
1241 3597 1323 3658 66166
1341 3594 1395 3658 1666

206 3668 329 3713 66161616
347 3661 395 3711 AB
414 3676 526 3726 quorum
545 3665 623 3726 potes
641 3662 762 3726 ipsorum
781 3664 906 3710 uotorum
924 3661 961 3708 od
981 3659 1031 3710 hos
1050 3659 1148 3725 quibus
1167 3665 1249 3726 potes
1268 3662 1334 3727 ip..
1352 3677 1394 3711 uo·

206 3736 294 3781 torum
313 3729 363 3792 (661
381 3728 512 3791 ueterum)
530 3730 554 3777 B
571 3745 684 3793 6661611
703 3733 800 3794 661666
819 3732 990 3777 6666161616
1009 3727 1093 3779 Ardua
1191 3726 1339 3797 conpotes]
1356 3745 1396 3780 66·

206 3806 285 3864 potes
302 3801 326 3848 R
411 3799 462 3849 tibi
481 3797 601 3848 fortasse
620 3799 702 3847 -1‘1
721 3799 864 3862 cupiamus
882 3811 929 3848 om.
949 3796 986 3844 od
1070 3795 1396 3849 111116116666661116161

205 3870 229 3916 Β
246 3868 365 3918 16116666
384 3866 437 3917 tibi
455 3863 651 3915 6111116161Δ16
670 3866 788 3915 fortasse
807 3864 859 3914 tibi
877 3862 999 3916 sufficiet
1015 3865 1038 3912 Δ
1061 3863 1182 3915 16116666
1199 3864 1395 3928 6611161611661.

206 3935 307 3999 tibi)B
377 3931 707 3998 161661116116116111Β
792 3933 946 3996 iterumque
965 3947 1012 3984 om.
1029 3933 1052 3980 A
1138 3935 1170 3983 17
1188 3935 1395 3986 nesciremusn

206 4019 260 4053 non
279 4005 411 4053 sciremus
428 4001 517 4051 ABod
586 4003 617 4050 19
636 4003 714 4052 noble
733 3999 820 4053 onr.A
904 4014 983 4049 usum
1001 4001 1085 4049 Baod
1101 4002 1232 4052 uisumA
1302 4006 1336 4054 20
1353 4017 1394 4052 au·

207 4073 262 4122 diet
281 4077 309 4122 et
326 4071 420 4121 reddet
439 4072 475 4120 H.
493 4069 638 4133 Stephanus
706 4068 851 4134 reddetque
870 4082 939 4133 quus
956 4070 980 4116 Β
1049 4069 1204 4132 praestabit
1223 4071 1354 4135 gaudium
1364 4069 1395 4119 61

275 4140 405 4205 gaudium
423 4156 470 4190 om.
487 4137 510 4186 A
578 4139 612 4187 23
630 4153 682 4188 666
700 4137 815 4203 6616111,
839 4137 893 4186 6111
909 4137 1011 4202 6161611
1030 4143 1143 4186 senatus
1162 4139 1269 4202 Lipsius
1287 4155 1341 4191 non
1353 4153 1394 4205 pc·

206 4210 271 4260 terit
289 4209 389 4274 pietati
406 4212 480 4256 66116
500 4211 614 4257 6666166
632 4207 655 4254 Β
706 4208 740 4257 15
758 4204 896 4268 quandam
909 4207 1086 4270 proximaque
1105 4207 1238 4256 maiorem
1250 4208 1297 4258 Ab
1315 4223 1394 4274 quau·

205 4277 267 4327 dam
287 4276 436 4344 (quandam
454 4292 500 4326 om.
520 4275 546 4336 d)
574 4276 779 4340 proximamque
806 4273 934 4323 maiorem
953 4273 1008 4335 βοὰ
1035 4274 1172 4337 quondam
1193 4277 1393 4340 proximamque

206 4348 337 4396 maiorum
355 4348 378 4394 Β
446 4346 479 4393 16
498 4344 559 4408 6616
578 4344 649 4393 enim
670 4350 712 4394 661
729 4349 786 4393 tam
804 4341 927 4391 imbecill
944 4341 1055 4406 ingenio
1073 4343 1121 4407 qni
1138 4357 1193 4392 non
1211 4355 1228 4398 ς
1247 4346 1310 4409 6616
1328 4346 1392 4395 enim

206 4420 249 4464 est
267 4419 323 4464 tam
346 4412 491 4464 modicello
519 4411 662 4473 (modicilli
681 4416 707 4478 β)
735 4410 847 4477 ingenio
875 4410 920 4473 qui
948 4425 1002 4459 non
1019 4410 1062 4473 Δβ
1090 4413 1153 4475 6616
1180 4412 1254 4462 enim
1283 4418 1392 4464 661166

207 4481 338 4547 (6611616
358 4500 403 4534 om.
424 4485 449 4543 6)
469 4481 605 4531 modicilli
617 4485 724 4549 ingenii
743 4484 791 4547 qui
809 4493 863 4528 uon
880 4479 938 4530 bod
965 4479 1026 4543 quis
1050 4483 1123 4529 enim
1148 4483 1191 4530 661
1210 4485 1268 4532 1616
1286 4480 1392 4532 indocili

206 4553 318 4617 ingenio
338 4551 456 4618 quinon
474 4551 532 4604 cod.
550 4550 659 4604 Mediol.
678 4553 738 4618 6616
756 4550 828 4601 enim
848 4564 882 4597 ex
900 4555 957 4600 tam
974 4546 1059 4598 docili
1076 4548 1189 4612 ingenio
1208 4565 1264 4599 666
1282 4552 1306 4598 Β
