<?xml version="1.0" encoding="UTF-8"?>
<!DOCTYPE html PUBLIC "-//W3C//DTD XHTML 1.0 Transitional//EN"
    "http://www.w3.org/TR/xhtml1/DTD/xhtml1-transitional.dtd">
<html xmlns="http://www.w3.org/1999/xhtml" xml:lang="en" lang="en">
 <head>
  <title>
</title>
<meta http-equiv="Content-Type" content="text/html;charset=utf-8" />
  <meta name='ocr-system' content='tesseract 3.04.00' />
  <meta name='ocr-capabilities' content='ocr_page ocr_carea ocr_par ocr_line ocrx_word'/>
</head>
<body>
  <div class='ocr_page' id='page_1' title='image "./cplinicaecilise03plingoog_0169.png"; bbox 0 0 3024 5062; ppageno 0'>
   <div class='ocr_carea' id='block_1_1' title="bbox 732 305 880 352">
    <p class='ocr_par' dir='ltr' id='par_1_1' title="bbox 732 305 880 352">
     <span class='ocr_line' id='line_1_1' title="bbox 732 305 880 352; baseline -0.014 -1"><span class='ocrx_word' id='word_1_1' title='bbox 732 305 760 352; x_wconf 79' lang='grc' dir='ltr'><strong>Ο.</strong></span> <span class='ocrx_word' id='word_1_2' title='bbox 784 305 880 350; x_wconf 74' lang='grc' dir='ltr'>ΡΙιΙΝῙ</span> 
     </span>
    </p>
   </div>
   <div class='ocr_carea' id='block_1_2' title="bbox 501 541 1111 718">
    <p class='ocr_par' dir='ltr' id='par_1_2' title="bbox 501 541 1111 718">
     <span class='ocr_line' id='line_1_2' title="bbox 731 541 885 606; baseline 0.013 -2"><span class='ocrx_word' id='word_1_3' title='bbox 731 541 885 606; x_wconf 83' lang='lat' dir='ltr'><strong>XXVIII.</strong></span> 
     </span>
     <span class='ocr_line' id='line_1_3' title="bbox 501 662 1111 718; baseline 0 -4"><span class='ocrx_word' id='word_1_4' title='bbox 501 664 532 718; x_wconf 87' lang='lat' dir='ltr'><strong>c.</strong></span> <span class='ocrx_word' id='word_1_5' title='bbox 550 663 696 715; x_wconf 78' lang='lat' dir='ltr'><strong>ruinius</strong></span> <span class='ocrx_word' id='word_1_6' title='bbox 715 662 815 715; x_wconf 85' lang='lat' dir='ltr'><strong>vmro</strong></span> <span class='ocrx_word' id='word_1_7' title='bbox 834 663 975 714; x_wconf 74' lang='lat' dir='ltr'><strong>savaro</strong></span> <span class='ocrx_word' id='word_1_8' title='bbox 995 663 1065 713; x_wconf 85' lang='lat' dir='ltr'><strong>suo</strong></span> <span class='ocrx_word' id='word_1_9' title='bbox 1084 664 1111 714; x_wconf 76' lang='lat' dir='ltr'><strong>s,</strong></span> 
     </span>
    </p>
   </div>
   <div class='ocr_carea' id='block_1_3' title="bbox 182 774 1429 1068">
    <p class='ocr_par' dir='ltr' id='par_1_3' title="bbox 182 774 1429 1068">
     <span class='ocr_line' id='line_1_4' title="bbox 182 774 1404 865; baseline 0.001 -22"><span class='ocrx_word' id='word_1_10' title='bbox 182 774 199 834; x_wconf 91' lang='lat' dir='ltr'><strong>l</strong></span> <span class='ocrx_word' id='word_1_11' title='bbox 297 779 481 844; x_wconf 81' lang='lat' dir='ltr'><strong>Herennius</strong></span> <span class='ocrx_word' id='word_1_12' title='bbox 504 780 655 864; x_wconf 78' lang='lat' dir='ltr'><strong>Severus,</strong></span> <span class='ocrx_word' id='word_1_13' title='bbox 679 781 728 843; x_wconf 91' lang='lat' dir='ltr'><strong>vir</strong></span> <span class='ocrx_word' id='word_1_14' title='bbox 751 780 969 862; x_wconf 80' lang='lat' dir='ltr'><strong>doctissimae,</strong></span> <span class='ocrx_word' id='word_1_15' title='bbox 993 781 1105 865; x_wconf 89' lang='lat' dir='ltr'><strong>magni</strong></span> <span class='ocrx_word' id='word_1_16' title='bbox 1128 780 1278 845; x_wconf 85' lang='lat' dir='ltr'><strong>aestimat</strong></span> <span class='ocrx_word' id='word_1_17' title='bbox 1299 781 1335 844; x_wconf 91' lang='lat' dir='ltr'><strong>in</strong></span> <span class='ocrx_word' id='word_1_18' title='bbox 1357 781 1404 844; x_wconf 94' lang='lat' dir='ltr'><strong>bi-</strong></span> 
     </span>
     <span class='ocr_line' id='line_1_5' title="bbox 210 881 1401 967; baseline 0.001 -22"><span class='ocrx_word' id='word_1_19' title='bbox 210 882 371 945; x_wconf 86' lang='lat' dir='ltr'><strong>bliotheca</strong></span> <span class='ocrx_word' id='word_1_20' title='bbox 393 904 450 945; x_wconf 91' lang='lat' dir='ltr'><strong>sua</strong></span> <span class='ocrx_word' id='word_1_21' title='bbox 471 904 590 966; x_wconf 89' lang='lat' dir='ltr'><strong>ponere</strong></span> <span class='ocrx_word' id='word_1_22' title='bbox 612 882 771 967; x_wconf 83' lang='lat' dir='ltr'>imagines</span> <span class='ocrx_word' id='word_1_23' title='bbox 793 883 991 966; x_wconf 84' lang='lat' dir='ltr'><strong>municipum</strong></span> <span class='ocrx_word' id='word_1_24' title='bbox 1012 885 1155 966; x_wconf 87' lang='lat' dir='ltr'><strong>tuorum,</strong></span> <span class='ocrx_word' id='word_1_25' title='bbox 1186 882 1314 947; x_wconf 75' lang='lat' dir='ltr'><strong>Corneli</strong></span> <span class='ocrx_word' id='word_1_26' title='bbox 1336 881 1401 946; x_wconf 88' lang='lat' dir='ltr'><strong>Ne-</strong></span> 
     </span>
     <span class='ocr_line' id='line_1_6' title="bbox 209 982 1429 1068; baseline 0.001 -21"><span class='ocrx_word' id='word_1_27' title='bbox 209 985 293 1067; x_wconf 86' lang='lat' dir='ltr'><strong>potis</strong></span> <span class='ocrx_word' id='word_1_28' title='bbox 316 987 348 1047; x_wconf 88' lang='lat' dir='ltr'><strong>et</strong></span> <span class='ocrx_word' id='word_1_29' title='bbox 370 984 436 1048; x_wconf 84' lang='lat' dir='ltr'><strong>Titi</strong></span> <span class='ocrx_word' id='word_1_30' title='bbox 458 982 547 1067; x_wconf 81' lang='lat' dir='ltr'><strong>Cati,</strong></span> <span class='ocrx_word' id='word_1_31' title='bbox 570 984 732 1068; x_wconf 72' lang='lat' dir='ltr'><strong>petitque,</strong></span> <span class='ocrx_word' id='word_1_32' title='bbox 756 984 783 1048; x_wconf 89' lang='lat' dir='ltr'><strong>si</strong></span> <span class='ocrx_word' id='word_1_33' title='bbox 806 987 882 1048; x_wconf 87' lang='lat' dir='ltr'><strong>sunt</strong></span> <span class='ocrx_word' id='word_1_34' title='bbox 903 984 993 1068; x_wconf 83' lang='lat' dir='ltr'><strong>istic,</strong></span> <span class='ocrx_word' id='word_1_35' title='bbox 1017 987 1053 1047; x_wconf 88' lang='lat' dir='ltr'><strong>ut</strong></span> <span class='ocrx_word' id='word_1_36' title='bbox 1076 1006 1144 1048; x_wconf 88' lang='lat' dir='ltr'><strong>esse</strong></span> <span class='ocrx_word' id='word_1_37' title='bbox 1168 984 1318 1048; x_wconf 83' lang='lat' dir='ltr'><strong>credibile</strong></span> <span class='ocrx_word' id='word_1_38' title='bbox 1341 987 1429 1067; x_wconf 82' lang='lat' dir='ltr'><strong>est‚⁵</strong></span> 
     </span>
    </p>
   </div>
   <div class='ocr_carea' id='block_1_4' title="bbox 78 1077 1403 1170">
    <p class='ocr_par' dir='ltr' id='par_1_4' title="bbox 78 1077 1403 1170">
     <span class='ocr_line' id='line_1_7' title="bbox 78 1077 1403 1170; baseline 0 -22"><span class='ocrx_word' id='word_1_39' title='bbox 78 1163 81 1167; x_wconf 20' lang='lat'>¹</span> <span class='ocrx_word' id='word_1_40' title='bbox 180 1077 434 1149; x_wconf 78' lang='lat' dir='ltr'><strong>2exscribendas</strong></span> <span class='ocrx_word' id='word_1_41' title='bbox 456 1086 700 1169; x_wconf 90' lang='lat' dir='ltr'><strong>pingendasque</strong></span> <span class='ocrx_word' id='word_1_42' title='bbox 715 1085 870 1170; x_wconf 85' lang='lat' dir='ltr'><strong>delegem.</strong></span> <span class='ocrx_word' id='word_1_43' title='bbox 892 1107 988 1170; x_wconf 92' lang='lat' dir='ltr'><strong>quam</strong></span> <span class='ocrx_word' id='word_1_44' title='bbox 1004 1108 1113 1150; x_wconf 91' lang='lat' dir='ltr'><strong>curam</strong></span> <span class='ocrx_word' id='word_1_45' title='bbox 1127 1087 1188 1151; x_wconf 91' lang='lat' dir='ltr'><strong>tibi</strong></span> <span class='ocrx_word' id='word_1_46' title='bbox 1203 1086 1403 1170; x_wconf 90' lang='lat' dir='ltr'><strong>potissimum</strong></span> 
     </span>
    </p>
   </div>
   <div class='ocr_carea' id='block_1_5' title="bbox 117 1187 1442 1986">
    <p class='ocr_par' dir='ltr' id='par_1_5' title="bbox 117 1187 1442 1986">
     <span class='ocr_line' id='line_1_8' title="bbox 210 1187 1402 1272; baseline 0 -22"><span class='ocrx_word' id='word_1_47' title='bbox 210 1188 362 1272; x_wconf 85' lang='lat' dir='ltr'><strong>iniungo,</strong></span> <span class='ocrx_word' id='word_1_48' title='bbox 396 1188 535 1271; x_wconf 89' lang='lat' dir='ltr'><strong>primum</strong></span> <span class='ocrx_word' id='word_1_49' title='bbox 571 1188 646 1270; x_wconf 90' lang='lat' dir='ltr'><strong>quia</strong></span> <span class='ocrx_word' id='word_1_50' title='bbox 678 1187 842 1251; x_wconf 83' lang='lat' dir='ltr'><strong>desideriis</strong></span> <span class='ocrx_word' id='word_1_51' title='bbox 871 1187 950 1252; x_wconf 86' lang='lat' dir='ltr'><strong>meis</strong></span> <span class='ocrx_word' id='word_1_52' title='bbox 989 1189 1181 1252; x_wconf 79' lang='lat' dir='ltr'><strong>amicissime</strong></span> <span class='ocrx_word' id='word_1_53' title='bbox 1208 1189 1402 1272; x_wconf 86' lang='lat' dir='ltr'><strong>obsequeris,</strong></span> 
     </span>
     <span class='ocr_line' id='line_1_9' title="bbox 212 1289 1405 1374; baseline -0.001 -21"><span class='ocrx_word' id='word_1_54' title='bbox 212 1289 326 1354; x_wconf 89' lang='lat' dir='ltr'><strong>deinde</strong></span> <span class='ocrx_word' id='word_1_55' title='bbox 365 1291 440 1374; x_wconf 91' lang='lat' dir='ltr'><strong>quia</strong></span> <span class='ocrx_word' id='word_1_56' title='bbox 473 1289 533 1353; x_wconf 88' lang='lat' dir='ltr'><strong>tibi</strong></span> <span class='ocrx_word' id='word_1_57' title='bbox 562 1289 738 1352; x_wconf 84' lang='lat' dir='ltr'><strong>studiorum</strong></span> <span class='ocrx_word' id='word_1_58' title='bbox 766 1311 890 1353; x_wconf 87' lang='lat' dir='ltr'><strong>summa</strong></span> <span class='ocrx_word' id='word_1_59' title='bbox 912 1291 1107 1374; x_wconf 82' lang='lat' dir='ltr'><strong>reverentia,</strong></span> <span class='ocrx_word' id='word_1_60' title='bbox 1141 1311 1282 1354; x_wconf 88' lang='lat' dir='ltr'><strong>summus</strong></span> <span class='ocrx_word' id='word_1_61' title='bbox 1316 1310 1405 1353; x_wconf 90' lang='lat' dir='ltr'><strong>amor</strong></span> 
     </span>
     <span class='ocr_line' id='line_1_10' title="bbox 152 1374 1404 1476; baseline 0.002 -22"><span class='ocrx_word' id='word_1_62' title='bbox 152 1374 160 1380; x_wconf 50' lang='grc'><strong>’</strong></span> <span class='ocrx_word' id='word_1_63' title='bbox 210 1393 440 1475; x_wconf 84' lang='lat' dir='ltr'><strong>studiosorum,</strong></span> <span class='ocrx_word' id='word_1_64' title='bbox 464 1395 624 1475; x_wconf 89' lang='lat' dir='ltr'><strong>postremo</strong></span> <span class='ocrx_word' id='word_1_65' title='bbox 653 1391 736 1475; x_wconf 90' lang='lat' dir='ltr'><strong>quod</strong></span> <span class='ocrx_word' id='word_1_66' title='bbox 755 1391 894 1474; x_wconf 87' lang='lat' dir='ltr'><strong>patriam</strong></span> <span class='ocrx_word' id='word_1_67' title='bbox 916 1393 1005 1455; x_wconf 88' lang='lat' dir='ltr'><strong>tuam</strong></span> <span class='ocrx_word' id='word_1_68' title='bbox 1020 1414 1193 1476; x_wconf 88' lang='lat' dir='ltr'><strong>omnesque</strong></span> <span class='ocrx_word' id='word_1_69' title='bbox 1215 1393 1270 1475; x_wconf 91' lang='lat' dir='ltr'><strong>qui</strong></span> <span class='ocrx_word' id='word_1_70' title='bbox 1285 1412 1404 1456; x_wconf 89' lang='lat' dir='ltr'><strong>nomen</strong></span> 
     </span>
     <span class='ocr_line' id='line_1_11' title="bbox 181 1487 1442 1579; baseline 0.001 -23"><span class='ocrx_word' id='word_1_71' title='bbox 181 1487 278 1557; x_wconf 88' lang='lat' dir='ltr'><strong>3eius</strong></span> <span class='ocrx_word' id='word_1_72' title='bbox 302 1496 460 1557; x_wconf 83' lang='lat' dir='ltr'><strong>auxerunt</strong></span> <span class='ocrx_word' id='word_1_73' title='bbox 481 1496 517 1557; x_wconf 89' lang='lat' dir='ltr'><strong>ut</strong></span> <span class='ocrx_word' id='word_1_74' title='bbox 538 1493 676 1578; x_wconf 90' lang='lat' dir='ltr'><strong>patriam</strong></span> <span class='ocrx_word' id='word_1_75' title='bbox 697 1492 801 1576; x_wconf 88' lang='lat' dir='ltr'><strong>ipsum</strong></span> <span class='ocrx_word' id='word_1_76' title='bbox 823 1493 985 1556; x_wconf 86' lang='lat' dir='ltr'><strong>veneraris</strong></span> <span class='ocrx_word' id='word_1_77' title='bbox 1008 1496 1041 1557; x_wconf 91' lang='lat' dir='ltr'><strong>ct</strong></span> <span class='ocrx_word' id='word_1_78' title='bbox 1056 1493 1174 1579; x_wconf 79' lang='lat' dir='ltr'><strong>diligis,</strong></span> <span class='ocrx_word' id='word_1_79' title='bbox 1205 1496 1280 1577; x_wconf 89' lang='lat' dir='ltr'><strong>peto</strong></span> <span class='ocrx_word' id='word_1_80' title='bbox 1296 1498 1403 1558; x_wconf 85' lang='lat' dir='ltr'><strong>autem</strong></span> <span class='ocrx_word' id='word_1_81' title='bbox 1417 1505 1442 1544; x_wconf 89' lang='lat'><strong>¹0</strong></span> 
     </span>
     <span class='ocr_line' id='line_1_12' title="bbox 210 1594 1402 1679; baseline 0.001 -21"><span class='ocrx_word' id='word_1_82' title='bbox 210 1597 248 1658; x_wconf 91' lang='lat' dir='ltr'><strong>ut</strong></span> <span class='ocrx_word' id='word_1_83' title='bbox 268 1595 425 1678; x_wconf 90' lang='lat' dir='ltr'><strong>pictorem</strong></span> <span class='ocrx_word' id='word_1_84' title='bbox 440 1617 536 1679; x_wconf 89' lang='lat' dir='ltr'><strong>quam</strong></span> <span class='ocrx_word' id='word_1_85' title='bbox 550 1594 831 1679; x_wconf 85' lang='lat' dir='ltr'><strong>diligentissimum</strong></span> <span class='ocrx_word' id='word_1_86' title='bbox 847 1595 1004 1658; x_wconf 87' lang='lat' dir='ltr'><strong>adsumas</strong></span> <span class='ocrx_word' id='word_1_87' title='bbox 1025 1617 1101 1660; x_wconf 88' lang='lat' dir='ltr'><strong>narn</strong></span> <span class='ocrx_word' id='word_1_88' title='bbox 1118 1617 1189 1659; x_wconf 89' lang='lat' dir='ltr'><strong>cum</strong></span> <span class='ocrx_word' id='word_1_89' title='bbox 1205 1599 1254 1659; x_wconf 88' lang='lat' dir='ltr'><strong>est</strong></span> <span class='ocrx_word' id='word_1_90' title='bbox 1269 1596 1402 1660; x_wconf 91' lang='lat' dir='ltr'><strong>arduum</strong></span> 
     </span>
     <span class='ocr_line' id='line_1_13' title="bbox 210 1696 1403 1781; baseline 0.001 -21"><span class='ocrx_word' id='word_1_91' title='bbox 210 1696 453 1761; x_wconf 89' lang='lat' dir='ltr'><strong>similitudinem</strong></span> <span class='ocrx_word' id='word_1_92' title='bbox 475 1697 629 1781; x_wconf 84' lang='lat' dir='ltr'><strong>effingere</strong></span> <span class='ocrx_word' id='word_1_93' title='bbox 652 1718 690 1760; x_wconf 87' lang='lat' dir='ltr'><strong>ex</strong></span> <span class='ocrx_word' id='word_1_94' title='bbox 705 1716 796 1778; x_wconf 83' lang='lat' dir='ltr'><strong>vero,</strong></span> <span class='ocrx_word' id='word_1_95' title='bbox 819 1699 888 1760; x_wconf 89' lang='lat' dir='ltr'><strong>tum</strong></span> <span class='ocrx_word' id='word_1_96' title='bbox 909 1696 1007 1781; x_wconf 87' lang='lat' dir='ltr'><strong>longe</strong></span> <span class='ocrx_word' id='word_1_97' title='bbox 1022 1697 1213 1761; x_wconf 88' lang='lat' dir='ltr'><strong>difficillima</strong></span> <span class='ocrx_word' id='word_1_98' title='bbox 1234 1701 1283 1761; x_wconf 83' lang='lat' dir='ltr'><strong>est</strong></span> <span class='ocrx_word' id='word_1_99' title='bbox 1297 1697 1403 1761; x_wconf 88' lang='lat' dir='ltr'><strong>imita-</strong></span> 
     </span>
     <span class='ocr_line' id='line_1_14' title="bbox 209 1798 1403 1883; baseline 0.001 -22"><span class='ocrx_word' id='word_1_100' title='bbox 209 1799 307 1862; x_wconf 89' lang='lat' dir='ltr'><strong>tionis</strong></span> <span class='ocrx_word' id='word_1_101' title='bbox 328 1799 478 1863; x_wconf 75' lang='lat' dir='ltr'><strong>imitatio.</strong></span> <span class='ocrx_word' id='word_1_102' title='bbox 512 1820 531 1860; x_wconf 93' lang='lat' dir='ltr'><strong>a</strong></span> <span class='ocrx_word' id='word_1_103' title='bbox 563 1819 625 1882; x_wconf 90' lang='lat' dir='ltr'><strong>qua</strong></span> <span class='ocrx_word' id='word_1_104' title='bbox 657 1819 736 1883; x_wconf 88' lang='lat' dir='ltr'><strong>rogo</strong></span> <span class='ocrx_word' id='word_1_105' title='bbox 770 1805 806 1861; x_wconf 90' lang='lat' dir='ltr'><strong>ut</strong></span> <span class='ocrx_word' id='word_1_106' title='bbox 828 1798 995 1882; x_wconf 80' lang='lat' dir='ltr'><strong>artificem,</strong></span> <span class='ocrx_word' id='word_1_107' title='bbox 1019 1821 1113 1883; x_wconf 88' lang='lat' dir='ltr'><strong>quem</strong></span> <span class='ocrx_word' id='word_1_108' title='bbox 1136 1799 1281 1883; x_wconf 79' lang='lat' dir='ltr'><strong>elegeris,</strong></span> <span class='ocrx_word' id='word_1_109' title='bbox 1303 1821 1345 1862; x_wconf 89' lang='lat' dir='ltr'><strong>ne</strong></span> <span class='ocrx_word' id='word_1_110' title='bbox 1368 1799 1403 1862; x_wconf 90' lang='lat' dir='ltr'><strong>in</strong></span> 
     </span>
     <span class='ocr_line' id='line_1_15' title="bbox 117 1900 875 1986; baseline 0 -22"><span class='ocrx_word' id='word_1_111' title='bbox 117 1928 123 1945; x_wconf 72' lang='lat'>=</span> <span class='ocrx_word' id='word_1_112' title='bbox 209 1901 322 1964; x_wconf 88' lang='lat' dir='ltr'><strong>melius</strong></span> <span class='ocrx_word' id='word_1_113' title='bbox 345 1901 470 1986; x_wconf 89' lang='lat' dir='ltr'><strong>quidem</strong></span> <span class='ocrx_word' id='word_1_114' title='bbox 493 1901 581 1963; x_wconf 87' lang='lat' dir='ltr'><strong>sinas</strong></span> <span class='ocrx_word' id='word_1_115' title='bbox 604 1900 762 1964; x_wconf 89' lang='lat' dir='ltr'><strong>aberrare.</strong></span> <span class='ocrx_word' id='word_1_116' title='bbox 793 1900 875 1964; x_wconf 88' lang='lat' dir='ltr'><strong>vale.</strong></span> 
     </span>
    </p>
   </div>
   <div class='ocr_carea' id='block_1_6' title="bbox 479 2069 1442 2245">
    <p class='ocr_par' dir='ltr' id='par_1_6' title="bbox 479 2069 1442 2245">
     <span class='ocr_line' id='line_1_16' title="bbox 652 2069 1442 2146; baseline -0.005 -13"><span class='ocrx_word' id='word_1_117' title='bbox 652 2069 823 2134; x_wconf 83' lang='lat' dir='ltr'><strong>XXVIIII.</strong></span> <span class='ocrx_word' id='word_1_118' title='bbox 847 2080 882 2146; x_wconf 83' lang='lat' dir='ltr'><strong>(a.</strong></span> <span class='ocrx_word' id='word_1_119' title='bbox 899 2078 958 2146; x_wconf 87' lang='lat'>105)</span> <span class='ocrx_word' id='word_1_120' title='bbox 1417 2091 1442 2130; x_wconf 83' lang='lat'><strong>15</strong></span> 
     </span>
     <span class='ocr_line' id='line_1_17' title="bbox 479 2190 1135 2245; baseline 0.003 -4"><span class='ocrx_word' id='word_1_121' title='bbox 479 2193 509 2245; x_wconf 89' lang='lat' dir='ltr'><strong>c.</strong></span> <span class='ocrx_word' id='word_1_122' title='bbox 528 2191 677 2242; x_wconf 76' lang='lat' dir='ltr'><strong>enimus</strong></span> <span class='ocrx_word' id='word_1_123' title='bbox 696 2191 864 2242; x_wconf 75' lang='lat' dir='ltr'><strong>comario</strong></span> <span class='ocrx_word' id='word_1_124' title='bbox 883 2191 1000 2241; x_wconf 50' lang='lat' dir='ltr'><strong>arnano</strong></span> <span class='ocrx_word' id='word_1_125' title='bbox 1019 2190 1089 2242; x_wconf 85' lang='lat' dir='ltr'><strong>suo</strong></span> <span class='ocrx_word' id='word_1_126' title='bbox 1108 2191 1135 2244; x_wconf 79' lang='lat' dir='ltr'><strong>s</strong></span> 
     </span>
    </p>
   </div>
   <div class='ocr_carea' id='block_1_7' title="bbox 182 2305 1444 3105">
    <p class='ocr_par' dir='ltr' id='par_1_7' title="bbox 185 2305 1444 2800">
     <span class='ocr_line' id='line_1_18' title="bbox 185 2305 1405 2392; baseline 0.006 -28"><span class='ocrx_word' id='word_1_127' title='bbox 185 2305 199 2364; x_wconf 94' lang='grc'>1</span> <span class='ocrx_word' id='word_1_128' title='bbox 298 2307 382 2370; x_wconf 88' lang='lat' dir='ltr'><strong>Heia</strong></span> <span class='ocrx_word' id='word_1_129' title='bbox 404 2311 455 2391; x_wconf 85' lang='lat' dir='ltr'><strong>tu,</strong></span> <span class='ocrx_word' id='word_1_130' title='bbox 486 2329 558 2371; x_wconf 91' lang='lat' dir='ltr'><strong>cum</strong></span> <span class='ocrx_word' id='word_1_131' title='bbox 580 2308 723 2391; x_wconf 82' lang='lat' dir='ltr'><strong>proxime</strong></span> <span class='ocrx_word' id='word_1_132' title='bbox 744 2328 796 2371; x_wconf 88' lang='lat' dir='ltr'><strong>res</strong></span> <span class='ocrx_word' id='word_1_133' title='bbox 818 2309 973 2391; x_wconf 83' lang='lat' dir='ltr'><strong>agentur,</strong></span> <span class='ocrx_word' id='word_1_134' title='bbox 997 2328 1123 2392; x_wconf 87' lang='lat' dir='ltr'><strong>quoquo</strong></span> <span class='ocrx_word' id='word_1_135' title='bbox 1145 2307 1239 2371; x_wconf 92' lang='lat' dir='ltr'><strong>modo</strong></span> <span class='ocrx_word' id='word_1_136' title='bbox 1262 2307 1302 2371; x_wconf 88' lang='lat' dir='ltr'><strong>ad</strong></span> <span class='ocrx_word' id='word_1_137' title='bbox 1324 2308 1405 2372; x_wconf 91' lang='lat' dir='ltr'><strong>iudi-</strong></span> 
     </span>
     <span class='ocr_line' id='line_1_19' title="bbox 216 2408 1405 2494; baseline 0.002 -22"><span class='ocrx_word' id='word_1_138' title='bbox 216 2413 352 2473; x_wconf 87' lang='lat' dir='ltr'><strong>candum</strong></span> <span class='ocrx_word' id='word_1_139' title='bbox 367 2409 464 2474; x_wconf 77' lang='lat' dir='ltr'><strong>&#39;veniz</strong></span> <span class='ocrx_word' id='word_1_140' title='bbox 486 2409 569 2473; x_wconf 92' lang='lat' dir='ltr'><strong>nihil</strong></span> <span class='ocrx_word' id='word_1_141' title='bbox 592 2413 641 2473; x_wconf 89' lang='lat' dir='ltr'><strong>est</strong></span> <span class='ocrx_word' id='word_1_142' title='bbox 663 2410 745 2494; x_wconf 88' lang='lat' dir='ltr'><strong>quod</strong></span> <span class='ocrx_word' id='word_1_143' title='bbox 767 2410 803 2473; x_wconf 90' lang='lat' dir='ltr'><strong>in</strong></span> <span class='ocrx_word' id='word_1_144' title='bbox 825 2408 971 2472; x_wconf 86' lang='lat' dir='ltr'><strong>dextram</strong></span> <span class='ocrx_word' id='word_1_145' title='bbox 992 2430 1102 2473; x_wconf 91' lang='lat' dir='ltr'><strong>aurem</strong></span> <span class='ocrx_word' id='word_1_146' title='bbox 1117 2409 1234 2474; x_wconf 91' lang='lat' dir='ltr'><strong>fiducia</strong></span> <span class='ocrx_word' id='word_1_147' title='bbox 1248 2410 1312 2474; x_wconf 91' lang='lat' dir='ltr'><strong>mei</strong></span> <span class='ocrx_word' id='word_1_148' title='bbox 1334 2411 1405 2474; x_wconf 90' lang='lat' dir='ltr'><strong>dor·</strong></span> 
     </span>
     <span class='ocr_line' id='line_1_20' title="bbox 189 2506 1406 2596; baseline 0.002 -23"><span class='ocrx_word' id='word_1_149' title='bbox 189 2506 316 2576; x_wconf 66' lang='lat' dir='ltr'><strong>Imias:</strong></span> <span class='ocrx_word' id='word_1_150' title='bbox 344 2533 410 2575; x_wconf 92' lang='lat' dir='ltr'><strong>non</strong></span> <span class='ocrx_word' id='word_1_151' title='bbox 434 2511 555 2595; x_wconf 82' lang='lat' dir='ltr'><strong>inpune</strong></span> <span class='ocrx_word' id='word_1_152' title='bbox 579 2515 731 2576; x_wconf 87' lang='lat' dir='ltr'><strong>cessatur.</strong></span> <span class='ocrx_word' id='word_1_153' title='bbox 761 2533 834 2575; x_wconf 88' lang='lat' dir='ltr'><strong>ecoe</strong></span> <span class='ocrx_word' id='word_1_154' title='bbox 867 2511 1010 2576; x_wconf 87' lang='lat' dir='ltr'><strong>Licinius</strong></span> <span class='ocrx_word' id='word_1_155' title='bbox 1032 2510 1140 2596; x_wconf 89' lang='lat' dir='ltr'><strong>Nepos</strong></span> <span class='ocrx_word' id='word_1_156' title='bbox 1162 2516 1307 2596; x_wconf 83' lang='lat' dir='ltr'><strong>praetor,</strong></span> <span class='ocrx_word' id='word_1_157' title='bbox 1331 2533 1406 2576; x_wconf 89' lang='lat' dir='ltr'><strong>acer</strong></span> 
     </span>
     <span class='ocr_line' id='line_1_21' title="bbox 213 2613 1444 2698; baseline 0.002 -22"><span class='ocrx_word' id='word_1_158' title='bbox 213 2615 245 2676; x_wconf 90' lang='lat' dir='ltr'><strong>et</strong></span> <span class='ocrx_word' id='word_1_159' title='bbox 272 2613 365 2677; x_wconf 87' lang='lat' dir='ltr'><strong>fortis</strong></span> <span class='ocrx_word' id='word_1_160' title='bbox 393 2617 426 2676; x_wconf 89' lang='lat' dir='ltr'><strong>et</strong></span> <span class='ocrx_word' id='word_1_161' title='bbox 452 2616 595 2697; x_wconf 88' lang='lat' dir='ltr'><strong>praetor,</strong></span> <span class='ocrx_word' id='word_1_162' title='bbox 628 2614 763 2677; x_wconf 88' lang='lat' dir='ltr'><strong>multam</strong></span> <span class='ocrx_word' id='word_1_163' title='bbox 785 2613 866 2678; x_wconf 83' lang='lat' dir='ltr'><strong>dixit</strong></span> <span class='ocrx_word' id='word_1_164' title='bbox 888 2615 985 2678; x_wconf 88' lang='lat' dir='ltr'><strong>etiam</strong></span> <span class='ocrx_word' id='word_1_165' title='bbox 1012 2613 1164 2678; x_wconf 85' lang='lat' dir='ltr'><strong>senatori.</strong></span> <span class='ocrx_word' id='word_1_166' title='bbox 1205 2614 1273 2698; x_wconf 88' lang='lat' dir='ltr'><strong>egit</strong></span> <span class='ocrx_word' id='word_1_167' title='bbox 1293 2614 1349 2678; x_wconf 91' lang='lat' dir='ltr'><strong>ille</strong></span> <span class='ocrx_word' id='word_1_168' title='bbox 1370 2615 1406 2679; x_wconf 90' lang='lat' dir='ltr'><strong>in</strong></span> <span class='ocrx_word' id='word_1_169' title='bbox 1419 2627 1444 2664; x_wconf 78' lang='lat'><strong>2⁰</strong></span> 
     </span>
     <span class='ocr_line' id='line_1_22' title="bbox 213 2716 1406 2800; baseline 0.001 -22"><span class='ocrx_word' id='word_1_170' title='bbox 213 2718 327 2779; x_wconf 88' lang='lat' dir='ltr'><strong>senatu</strong></span> <span class='ocrx_word' id='word_1_171' title='bbox 349 2737 476 2778; x_wconf 87' lang='lat' dir='ltr'><strong>causam</strong></span> <span class='ocrx_word' id='word_1_172' title='bbox 499 2737 606 2799; x_wconf 84' lang='lat' dir='ltr'><strong>suam,</strong></span> <span class='ocrx_word' id='word_1_173' title='bbox 636 2716 703 2799; x_wconf 89' lang='lat' dir='ltr'><strong>egit</strong></span> <span class='ocrx_word' id='word_1_174' title='bbox 730 2719 839 2780; x_wconf 88' lang='lat' dir='ltr'><strong>autem</strong></span> <span class='ocrx_word' id='word_1_175' title='bbox 860 2717 905 2780; x_wconf 91' lang='lat' dir='ltr'><strong>sic</strong></span> <span class='ocrx_word' id='word_1_176' title='bbox 927 2720 964 2780; x_wconf 89' lang='lat' dir='ltr'><strong>ut</strong></span> <span class='ocrx_word' id='word_1_177' title='bbox 986 2716 1220 2800; x_wconf 77' lang='lat' dir='ltr'><strong>deprecaretur.</strong></span> <span class='ocrx_word' id='word_1_178' title='bbox 1272 2718 1406 2781; x_wconf 86' lang='lat' dir='ltr'><strong>remissa</strong></span> 
     </span>
    </p>

    <p class='ocr_par' dir='ltr' id='par_1_8' title="bbox 182 2812 1406 3105">
     <span class='ocr_line' id='line_1_23' title="bbox 182 2812 1406 2902; baseline 0.007 -28"><span class='ocrx_word' id='word_1_179' title='bbox 182 2812 260 2880; x_wconf 85' lang='lat' dir='ltr'><strong>3est</strong></span> <span class='ocrx_word' id='word_1_180' title='bbox 293 2816 409 2900; x_wconf 81' lang='lat' dir='ltr'><strong>multa3</strong></span> <span class='ocrx_word' id='word_1_181' title='bbox 442 2817 497 2881; x_wconf 89' lang='lat' dir='ltr'><strong>sed</strong></span> <span class='ocrx_word' id='word_1_182' title='bbox 517 2817 641 2900; x_wconf 87' lang='lat' dir='ltr'><strong>timuit,</strong></span> <span class='ocrx_word' id='word_1_183' title='bbox 672 2816 728 2881; x_wconf 87' lang='lat' dir='ltr'><strong>sed</strong></span> <span class='ocrx_word' id='word_1_184' title='bbox 749 2818 893 2902; x_wconf 85' lang='lat' dir='ltr'><strong>rogavit,</strong></span> <span class='ocrx_word' id='word_1_185' title='bbox 921 2818 976 2882; x_wconf 88' lang='lat' dir='ltr'><strong>sed</strong></span> <span class='ocrx_word' id='word_1_186' title='bbox 998 2839 1078 2902; x_wconf 89' lang='lat' dir='ltr'><strong>opus</strong></span> <span class='ocrx_word' id='word_1_187' title='bbox 1100 2817 1195 2882; x_wconf 85' lang='lat' dir='ltr'><strong>venia</strong></span> <span class='ocrx_word' id='word_1_188' title='bbox 1216 2817 1288 2883; x_wconf 87' lang='lat' dir='ltr'><strong>fuit.</strong></span> <span class='ocrx_word' id='word_1_189' title='bbox 1319 2819 1406 2883; x_wconf 89' lang='lat' dir='ltr'><strong>dices</strong></span> 
     </span>
     <span class='ocr_line' id='line_1_24' title="bbox 213 2919 1405 3001; baseline 0.002 -19"><span class='ocrx_word' id='word_1_190' title='bbox 213 2926 292 2982; x_wconf 76' lang='lat' dir='ltr'><strong>‘non</strong></span> <span class='ocrx_word' id='word_1_191' title='bbox 319 2940 429 2982; x_wconf 88' lang='lat' dir='ltr'><strong>omnes</strong></span> <span class='ocrx_word' id='word_1_192' title='bbox 457 2923 620 3001; x_wconf 88' lang='lat' dir='ltr'><strong>praetores</strong></span> <span class='ocrx_word' id='word_1_193' title='bbox 642 2922 710 2982; x_wconf 88' lang='lat' dir='ltr'><strong>tam</strong></span> <span class='ocrx_word' id='word_1_194' title='bbox 732 2919 858 2982; x_wconf 71' lang='lat' dir='ltr'><strong>severi!</strong></span> <span class='ocrx_word' id='word_1_195' title='bbox 885 2919 1024 2985; x_wconf 86' lang='lat' dir='ltr'><strong>falleris:</strong></span> <span class='ocrx_word' id='word_1_196' title='bbox 1052 2942 1129 2983; x_wconf 92' lang='lat' dir='ltr'><strong>nam</strong></span> <span class='ocrx_word' id='word_1_197' title='bbox 1157 2919 1208 2984; x_wconf 83' lang='lat' dir='ltr'><strong>vel</strong></span> <span class='ocrx_word' id='word_1_198' title='bbox 1235 2920 1405 2985; x_wconf 88' lang='lat' dir='ltr'><strong>instituere</strong></span> 
     </span>
     <span class='ocr_line' id='line_1_25' title="bbox 212 3019 1405 3105; baseline 0.002 -21"><span class='ocrx_word' id='word_1_199' title='bbox 212 3021 264 3084; x_wconf 83' lang='lat' dir='ltr'><strong>vel</strong></span> <span class='ocrx_word' id='word_1_200' title='bbox 293 3019 443 3084; x_wconf 89' lang='lat' dir='ltr'><strong>reducere</strong></span> <span class='ocrx_word' id='word_1_201' title='bbox 471 3020 538 3084; x_wconf 76' lang='lat' dir='ltr'><strong>cius</strong></span> <span class='ocrx_word' id='word_1_202' title='bbox 565 3022 650 3085; x_wconf 92' lang='lat' dir='ltr'><strong>modi</strong></span> <span class='ocrx_word' id='word_1_203' title='bbox 679 3019 858 3104; x_wconf 88' lang='lat' dir='ltr'><strong>exemplum</strong></span> <span class='ocrx_word' id='word_1_204' title='bbox 886 3042 951 3084; x_wconf 93' lang='lat' dir='ltr'><strong>non</strong></span> <span class='ocrx_word' id='word_1_205' title='bbox 978 3023 1041 3085; x_wconf 90' lang='lat' dir='ltr'><strong>nisi</strong></span> <span class='ocrx_word' id='word_1_206' title='bbox 1070 3021 1186 3105; x_wconf 81' lang='lat' dir='ltr'><strong>severi,</strong></span> <span class='ocrx_word' id='word_1_207' title='bbox 1220 3022 1405 3086; x_wconf 87' lang='lat' dir='ltr'><strong>institutum</strong></span> 
     </span>
    </p>
   </div>
   <div class='ocr_carea' id='block_1_8' title="bbox 212 3116 1444 3205">
    <p class='ocr_par' dir='ltr' id='par_1_9' title="bbox 212 3116 1444 3205">
     <span class='ocr_line' id='line_1_26' title="bbox 212 3116 1444 3205; baseline 0.005 -22"><span class='ocrx_word' id='word_1_208' title='bbox 212 3122 418 3187; x_wconf 85' lang='lat' dir='ltr'><strong>reductumve</strong></span> <span class='ocrx_word' id='word_1_209' title='bbox 440 3144 586 3187; x_wconf 86' lang='lat' dir='ltr'><strong>exercere</strong></span> <span class='ocrx_word' id='word_1_210' title='bbox 608 3123 705 3187; x_wconf 88' lang='lat' dir='ltr'><strong>etiam</strong></span> <span class='ocrx_word' id='word_1_211' title='bbox 727 3121 882 3186; x_wconf 89' lang='lat' dir='ltr'><strong>lenissimi</strong></span> <span class='ocrx_word' id='word_1_212' title='bbox 904 3126 1047 3205; x_wconf 85' lang='lat' dir='ltr'><strong>possunt.</strong></span> <span class='ocrx_word' id='word_1_213' title='bbox 1078 3125 1159 3189; x_wconf 89' lang='lat' dir='ltr'><strong>vale.</strong></span> <span class='ocrx_word' id='word_1_214' title='bbox 1418 3116 1444 3156; x_wconf 75' lang='lat'><strong>²⁵</strong></span> 
     </span>
    </p>
   </div>
   <div class='ocr_carea' id='block_1_9' title="bbox 214 3346 1407 3618">
    <p class='ocr_par' dir='ltr' id='par_1_10' title="bbox 214 3346 1407 3618">
     <span class='ocr_line' id='line_1_27' title="bbox 280 3346 1406 3400; baseline 0.004 -5"><span class='ocrx_word' id='word_1_215' title='bbox 280 3347 399 3396; x_wconf 86' lang='lat' dir='ltr'><strong>XXVIII</strong></span> <span class='ocrx_word' id='word_1_216' title='bbox 427 3349 443 3396; x_wconf 89' lang='grc'>2</span> <span class='ocrx_word' id='word_1_217' title='bbox 473 3347 675 3397; x_wconf 79' lang='lat' dir='ltr'><strong>‘Riccordr&#39;unus</strong></span> <span class='ocrx_word' id='word_1_218' title='bbox 704 3349 730 3396; x_wconf 82' lang='lat' dir='ltr'><strong>iu</strong></span> <span class='ocrx_word' id='word_1_219' title='bbox 761 3348 845 3397; x_wconf 82' lang='lat' dir='ltr'><strong>iudice</strong></span> <span class='ocrx_word' id='word_1_220' title='bbox 872 3346 984 3396; x_wconf 85' lang='lat' dir='ltr'><strong>Vibium</strong></span> <span class='ocrx_word' id='word_1_221' title='bbox 1012 3346 1142 3399; x_wconf 84' lang='lat' dir='ltr'><strong>Severum</strong></span> <span class='ocrx_word' id='word_1_222' title='bbox 1169 3353 1267 3399; x_wconf 82' lang='lat' dir='ltr'><strong>vocat&#39;.</strong></span> <span class='ocrx_word' id='word_1_223' title='bbox 1302 3349 1406 3400; x_wconf 90' lang='lat' dir='ltr'><strong>IUBIO</strong></span> 
     </span>
     <span class='ocr_line' id='line_1_28' title="bbox 214 3414 1406 3477; baseline 0.002 -12"><span class='ocrx_word' id='word_1_224' title='bbox 214 3415 359 3465; x_wconf 82' lang='lat' dir='ltr'>SEUERO</span> <span class='ocrx_word' id='word_1_225' title='bbox 379 3417 400 3463; x_wconf 81' lang='lat' dir='ltr'><strong>F</strong></span> <span class='ocrx_word' id='word_1_226' title='bbox 417 3415 490 3465; x_wconf 91' lang='lat' dir='ltr'><strong>Iulio</strong></span> <span class='ocrx_word' id='word_1_227' title='bbox 509 3416 612 3465; x_wconf 86' lang='lat' dir='ltr'><strong>Seuero</strong></span> <span class='ocrx_word' id='word_1_228' title='bbox 630 3431 679 3466; x_wconf 90' lang='lat' dir='ltr'><strong>suo</strong></span> <span class='ocrx_word' id='word_1_229' title='bbox 697 3429 732 3477; x_wconf 85' lang='lat' dir='ltr'><strong>pr</strong></span> <span class='ocrx_word' id='word_1_230' title='bbox 754 3414 898 3464; x_wconf 82' lang='lat' dir='ltr'>SEUERO</span> <span class='ocrx_word' id='word_1_231' title='bbox 922 3414 990 3465; x_wconf 85' lang='lat' dir='ltr'><strong>SUO</strong></span> <span class='ocrx_word' id='word_1_232' title='bbox 1009 3416 1079 3464; x_wconf 75' lang='lat' dir='ltr'><strong>Vna</strong></span> <span class='ocrx_word' id='word_1_233' title='bbox 1096 3416 1240 3467; x_wconf 82' lang='lat' dir='ltr'>SEUERO</span> <span class='ocrx_word' id='word_1_234' title='bbox 1252 3419 1280 3465; x_wconf 75' lang='grc' dir='ltr'>Ι</span> <span class='ocrx_word' id='word_1_235' title='bbox 1343 3421 1359 3467; x_wconf 86' lang='lat'><strong>3</strong></span> <span class='ocrx_word' id='word_1_236' title='bbox 1378 3419 1406 3467; x_wconf 89' lang='lat' dir='ltr'><strong>in</strong></span> 
     </span>
     <span class='ocr_line' id='line_1_29' title="bbox 216 3483 1407 3550; baseline 0.001 -19"><span class='ocrx_word' id='word_1_237' title='bbox 216 3483 377 3546; x_wconf 85' lang='lat' dir='ltr'><strong>byblitheca</strong></span> <span class='ocrx_word' id='word_1_238' title='bbox 396 3483 584 3547; x_wconf 76' lang='lat' dir='ltr'><strong>suspendere</strong></span> <span class='ocrx_word' id='word_1_239' title='bbox 602 3485 625 3531; x_wconf 97' lang='lat' dir='ltr'><strong>V</strong></span> <span class='ocrx_word' id='word_1_240' title='bbox 680 3485 697 3532; x_wconf 88' lang='grc'>4</span> <span class='ocrx_word' id='word_1_241' title='bbox 716 3483 830 3532; x_wconf 90' lang='lat' dir='ltr'><strong>cornelii</strong></span> <span class='ocrx_word' id='word_1_242' title='bbox 848 3483 957 3546; x_wconf 87' lang='lat' dir='ltr'><strong>nepotis</strong></span> <span class='ocrx_word' id='word_1_243' title='bbox 975 3485 1095 3546; x_wconf 66' lang='lat' dir='ltr'><strong>uvpsa</strong></span> <span class='ocrx_word' id='word_1_244' title='bbox 1114 3484 1240 3535; x_wconf 85' lang='lat' dir='ltr'><strong>Cornelie</strong></span> <span class='ocrx_word' id='word_1_245' title='bbox 1258 3485 1375 3550; x_wconf 86' lang='lat' dir='ltr'><strong>Nepotis</strong></span> <span class='ocrx_word' id='word_1_246' title='bbox 1393 3499 1407 3532; x_wconf 89' lang='lat' dir='ltr'><strong>r</strong></span> 
     </span>
     <span class='ocr_line' id='line_1_30' title="bbox 216 3551 1406 3618; baseline 0.002 -19"><span class='ocrx_word' id='word_1_247' title='bbox 216 3551 335 3617; x_wconf 70' lang='lat' dir='ltr'><strong>cornelio</strong></span> <span class='ocrx_word' id='word_1_248' title='bbox 353 3552 465 3618; x_wconf 71' lang='lat' dir='ltr'><strong>nepotip</strong></span> <span class='ocrx_word' id='word_1_249' title='bbox 484 3553 505 3599; x_wconf 82' lang='lat' dir='ltr'>F</span> <span class='ocrx_word' id='word_1_250' title='bbox 522 3553 643 3602; x_wconf 77' lang='lat' dir='ltr'><strong>lliceord.</strong></span> <span class='ocrx_word' id='word_1_251' title='bbox 774 3554 790 3602; x_wconf 89' lang='lat'>5</span> <span class='ocrx_word' id='word_1_252' title='bbox 809 3551 867 3600; x_wconf 89' lang='lat' dir='ltr'><strong>cati</strong></span> <span class='ocrx_word' id='word_1_253' title='bbox 885 3552 939 3599; x_wconf 75' lang='lat' dir='ltr'><strong>MV</strong></span> <span class='ocrx_word' id='word_1_254' title='bbox 957 3551 1034 3600; x_wconf 81' lang='lat' dir='ltr'><strong>Catii</strong></span> <span class='ocrx_word' id='word_1_255' title='bbox 1051 3565 1068 3606; x_wconf 87' lang='grc' dir='ltr'><strong><em>ς</em></strong></span> <span class='ocrx_word' id='word_1_256' title='bbox 1086 3553 1178 3601; x_wconf 79' lang='lat' dir='ltr'><strong>attin</strong></span> <span class='ocrx_word' id='word_1_257' title='bbox 1198 3554 1248 3613; x_wconf 86' lang='lat' dir='ltr'><strong>atii</strong></span> <span class='ocrx_word' id='word_1_258' title='bbox 1265 3566 1282 3614; x_wconf 85' lang='lat' dir='ltr'><strong>p</strong></span> <span class='ocrx_word' id='word_1_259' title='bbox 1300 3554 1375 3603; x_wconf 85' lang='lat' dir='ltr'><strong>Actii</strong></span> <span class='ocrx_word' id='word_1_260' title='bbox 1392 3567 1406 3601; x_wconf 90' lang='lat' dir='ltr'><strong>r</strong></span> 
     </span>
    </p>
   </div>
   <div class='ocr_carea' id='block_1_10' title="bbox 213 3635 1406 4618">
    <p class='ocr_par' dir='ltr' id='par_1_11' title="bbox 213 3635 1406 3937">
     <span class='ocr_line' id='line_1_31' title="bbox 215 3635 1404 3738; baseline 0.002 -19"><span class='ocrx_word' id='word_1_261' title='bbox 215 3669 306 3720; x_wconf 83' lang='lat' dir='ltr'><strong>Cassii</strong></span> <span class='ocrx_word' id='word_1_262' title='bbox 324 3671 469 3720; x_wconf 72' lang='lat' dir='ltr'><strong>Coronaeus</strong></span> <span class='ocrx_word' id='word_1_263' title='bbox 486 3685 503 3719; x_wconf 82' lang='lat' dir='ltr'><strong>a</strong></span> <span class='ocrx_word' id='word_1_264' title='bbox 522 3671 612 3720; x_wconf 89' lang='lat' dir='ltr'><strong>catilli</strong></span> <span class='ocrx_word' id='word_1_265' title='bbox 629 3672 650 3718; x_wconf 81' lang='lat' dir='ltr'><strong>F</strong></span> <span class='ocrx_word' id='word_1_266' title='bbox 668 3669 757 3720; x_wconf 88' lang='lat' dir='ltr'><strong>catilii</strong></span> <span class='ocrx_word' id='word_1_267' title='bbox 776 3671 896 3722; x_wconf 81' lang='lat' dir='ltr'><strong>Riccard.</strong></span> <span class='ocrx_word' id='word_1_268' title='bbox 967 3635 1209 3737; x_wconf 59' lang='lat' dir='ltr'><strong>peritqueffisunrn</strong></span> <span class='ocrx_word' id='word_1_269' title='bbox 1278 3672 1343 3721; x_wconf 86' lang='lat' dir='ltr'><strong>istic</strong></span> <span class='ocrx_word' id='word_1_270' title='bbox 1360 3669 1404 3738; x_wconf 91' lang='lat' dir='ltr'><strong>ut]</strong></span> 
     </span>
     <span class='ocr_line' id='line_1_32' title="bbox 214 3736 1404 3806; baseline 0.002 -18"><span class='ocrx_word' id='word_1_271' title='bbox 214 3739 261 3788; x_wconf 86' lang='lat' dir='ltr'><strong>isti</strong></span> <span class='ocrx_word' id='word_1_272' title='bbox 279 3741 323 3787; x_wconf 89' lang='lat' dir='ltr'><strong>cui</strong></span> <span class='ocrx_word' id='word_1_273' title='bbox 341 3741 364 3787; x_wconf 93' lang='lat' dir='ltr'><strong>V</strong></span> <span class='ocrx_word' id='word_1_274' title='bbox 433 3737 564 3803; x_wconf 76' lang='lat' dir='ltr'><strong>ddelege</strong></span> <span class='ocrx_word' id='word_1_275' title='bbox 583 3741 604 3787; x_wconf 86' lang='lat' dir='ltr'>D</span> <span class='ocrx_word' id='word_1_276' title='bbox 622 3738 779 3803; x_wconf 79' lang='lat' dir='ltr'><strong>delegerer</strong></span> <span class='ocrx_word' id='word_1_277' title='bbox 847 3737 1062 3789; x_wconf 84' lang='lat' dir='ltr'><strong>9studiosorum</strong></span> <span class='ocrx_word' id='word_1_278' title='bbox 1080 3741 1166 3792; x_wconf 75' lang='lat' dir='ltr'><strong>omli</strong></span> <span class='ocrx_word' id='word_1_279' title='bbox 1246 3736 1328 3806; x_wconf 91' lang='lat' dir='ltr'><strong>quod]</strong></span> <span class='ocrx_word' id='word_1_280' title='bbox 1351 3756 1404 3804; x_wconf 94' lang='lat' dir='ltr'><strong>quo</strong></span> 
     </span>
     <span class='ocr_line' id='line_1_33' title="bbox 213 3804 1406 3872; baseline 0.002 -18"><span class='ocrx_word' id='word_1_281' title='bbox 213 3808 372 3860; x_wconf 77' lang='lat' dir='ltr'><strong>Flir&#39;crard.</strong></span> <span class='ocrx_word' id='word_1_282' title='bbox 441 3807 623 3870; x_wconf 78' lang='lat' dir='ltr'><strong>omnisquen</strong></span> <span class='ocrx_word' id='word_1_283' title='bbox 693 3810 725 3857; x_wconf 89' lang='lat'><strong>10</strong></span> <span class='ocrx_word' id='word_1_284' title='bbox 738 3811 828 3857; x_wconf 89' lang='lat' dir='ltr'><strong>autem</strong></span> <span class='ocrx_word' id='word_1_285' title='bbox 846 3824 894 3859; x_wconf 87' lang='lat' dir='ltr'><strong>om.</strong></span> <span class='ocrx_word' id='word_1_286' title='bbox 917 3804 972 3869; x_wconf 86' lang='lat' dir='ltr'><strong>pr*</strong></span> <span class='ocrx_word' id='word_1_287' title='bbox 1043 3809 1073 3857; x_wconf 94' lang='grc'><strong>12</strong></span> <span class='ocrx_word' id='word_1_288' title='bbox 1094 3806 1223 3872; x_wconf 82' lang='lat' dir='ltr'><strong>effingere</strong></span> <span class='ocrx_word' id='word_1_289' title='bbox 1243 3835 1275 3843; x_wconf 92' lang='lat'>—</span> <span class='ocrx_word' id='word_1_290' title='bbox 1294 3807 1406 3857; x_wconf 85' lang='lat' dir='ltr'><strong>difficil-</strong></span> 
     </span>
     <span class='ocr_line' id='line_1_34' title="bbox 215 3864 1406 3937; baseline 0.003 -15"><span class='ocrx_word' id='word_1_291' title='bbox 215 3874 281 3923; x_wconf 89' lang='lat' dir='ltr'><strong>lima</strong></span> <span class='ocrx_word' id='word_1_292' title='bbox 299 3890 345 3924; x_wconf 89' lang='lat' dir='ltr'><strong>om.</strong></span> <span class='ocrx_word' id='word_1_293' title='bbox 364 3864 385 3922; x_wconf 79' lang='lat' dir='ltr'><strong>I&gt;</strong></span> <span class='ocrx_word' id='word_1_294' title='bbox 454 3873 620 3924; x_wconf 74' lang='lat' dir='ltr'><strong>difficsslima</strong></span> <span class='ocrx_word' id='word_1_295' title='bbox 639 3874 811 3937; x_wconf 82' lang='lat' dir='ltr'><strong>(difficillime</strong></span> <span class='ocrx_word' id='word_1_296' title='bbox 829 3877 862 3935; x_wconf 77' lang='lat' dir='ltr'><strong>V)</strong></span> <span class='ocrx_word' id='word_1_297' title='bbox 883 3875 1068 3925; x_wconf 84' lang='lat' dir='ltr'><strong>estimationis</strong></span> <span class='ocrx_word' id='word_1_298' title='bbox 1087 3877 1205 3925; x_wconf 85' lang='lat' dir='ltr'><strong>imitatio</strong></span> <span class='ocrx_word' id='word_1_299' title='bbox 1217 3876 1266 3923; x_wconf 76' lang='grc' dir='ltr'>Π</span> <span class='ocrx_word' id='word_1_300' title='bbox 1284 3876 1406 3926; x_wconf 82' lang='lat' dir='ltr'><strong>Riccard.</strong></span> 
     </span>
    </p>

    <p class='ocr_par' dir='ltr' id='par_1_12' title="bbox 213 3943 1405 4059">
     <span class='ocr_line' id='line_1_35' title="bbox 283 3943 1405 4010; baseline 0.004 -20"><span class='ocrx_word' id='word_1_301' title='bbox 283 3943 314 3992; x_wconf 88' lang='lat'><strong>13</strong></span> <span class='ocrx_word' id='word_1_302' title='bbox 332 3957 348 3991; x_wconf 90' lang='lat' dir='ltr'><strong>a</strong></span> <span class='ocrx_word' id='word_1_303' title='bbox 366 3956 422 4005; x_wconf 89' lang='lat' dir='ltr'><strong>qua</strong></span> <span class='ocrx_word' id='word_1_304' title='bbox 440 3957 506 4007; x_wconf 86' lang='lat' dir='ltr'><strong>rogo</strong></span> <span class='ocrx_word' id='word_1_305' title='bbox 524 3943 648 3997; x_wconf 65' lang='lat' dir='ltr'><strong>nvrqa</strong></span> <span class='ocrx_word' id='word_1_306' title='bbox 666 3959 750 4006; x_wconf 87' lang='lat' dir='ltr'><strong>quare</strong></span> <span class='ocrx_word' id='word_1_307' title='bbox 768 3958 834 4007; x_wconf 85' lang='lat' dir='ltr'><strong>rogo</strong></span> <span class='ocrx_word' id='word_1_308' title='bbox 851 3946 914 4006; x_wconf 80' lang='lat' dir='ltr'><strong>Dpr</strong></span> <span class='ocrx_word' id='word_1_309' title='bbox 1011 3944 1123 4009; x_wconf 84' lang='lat' dir='ltr'><strong>eligeris</strong></span> <span class='ocrx_word' id='word_1_310' title='bbox 1145 3945 1200 3993; x_wconf 71' lang='lat' dir='ltr'><strong>MV</strong></span> <span class='ocrx_word' id='word_1_311' title='bbox 1297 3946 1330 3994; x_wconf 80' lang='lat'><strong>14</strong></span> <span class='ocrx_word' id='word_1_312' title='bbox 1348 3945 1405 4010; x_wconf 90' lang='lat' dir='ltr'><strong>qui·</strong></span> 
     </span>
     <span class='ocr_line' id='line_1_36' title="bbox 213 4010 316 4059; baseline -0.019 0"><span class='ocrx_word' id='word_1_313' title='bbox 213 4010 275 4059; x_wconf 90' lang='lat' dir='ltr'><strong>dam</strong></span> <span class='ocrx_word' id='word_1_314' title='bbox 293 4011 316 4057; x_wconf 93' lang='lat' dir='ltr'><strong>V</strong></span> 
     </span>
    </p>

    <p class='ocr_par' dir='ltr' id='par_1_13' title="bbox 213 4077 1406 4618">
     <span class='ocr_line' id='line_1_37' title="bbox 281 4077 1405 4131; baseline 0.002 -5"><span class='ocrx_word' id='word_1_315' title='bbox 281 4077 414 4129; x_wconf 87' lang='lat' dir='ltr'><strong>XXVIIII</strong></span> <span class='ocrx_word' id='word_1_316' title='bbox 434 4080 464 4129; x_wconf 83' lang='grc'><strong>16</strong></span> <span class='ocrx_word' id='word_1_317' title='bbox 483 4077 648 4129; x_wconf 81' lang='lat' dir='ltr'><strong>ROMATIO</strong></span> <span class='ocrx_word' id='word_1_318' title='bbox 661 4078 778 4128; x_wconf 81' lang='lat' dir='ltr'><strong>FIRMO</strong></span> <span class='ocrx_word' id='word_1_319' title='bbox 792 4080 978 4129; x_wconf 75' lang='lat' dir='ltr'><strong>RIceardianus</strong></span> <span class='ocrx_word' id='word_1_320' title='bbox 994 4083 1020 4130; x_wconf 79' lang='lat' dir='ltr'><strong>In</strong></span> <span class='ocrx_word' id='word_1_321' title='bbox 1032 4082 1127 4130; x_wconf 67' lang='lat' dir='ltr'><strong>ludere:</strong></span> <span class='ocrx_word' id='word_1_322' title='bbox 1145 4079 1311 4131; x_wconf 79' lang='lat' dir='ltr'><strong>ROMATIO</strong></span> <span class='ocrx_word' id='word_1_323' title='bbox 1323 4080 1405 4129; x_wconf 74' lang='grc' dir='ltr'><strong>ΠΙ)</strong></span> 
     </span>
     <span class='ocr_line' id='line_1_38' title="bbox 213 4145 1405 4212; baseline 0.002 -16"><span class='ocrx_word' id='word_1_324' title='bbox 213 4145 368 4196; x_wconf 89' lang='lat' dir='ltr'><strong>ROMANO</strong></span> <span class='ocrx_word' id='word_1_325' title='bbox 388 4148 471 4208; x_wconf 82' lang='lat' dir='ltr'><strong>Fpra</strong></span> <span class='ocrx_word' id='word_1_326' title='bbox 524 4148 555 4196; x_wconf 78' lang='lat'><strong>17</strong></span> <span class='ocrx_word' id='word_1_327' title='bbox 573 4147 646 4195; x_wconf 86' lang='lat' dir='ltr'><strong>Heia</strong></span> <span class='ocrx_word' id='word_1_328' title='bbox 664 4147 817 4201; x_wconf 58' lang='lat' dir='ltr'><strong>MVSHea</strong></span> <span class='ocrx_word' id='word_1_329' title='bbox 834 4148 956 4198; x_wconf 82' lang='lat' dir='ltr'><strong>Riccord.</strong></span> <span class='ocrx_word' id='word_1_330' title='bbox 975 4148 1027 4197; x_wconf 85' lang='lat' dir='ltr'><strong>Eia</strong></span> <span class='ocrx_word' id='word_1_331' title='bbox 1045 4149 1155 4210; x_wconf 81' lang='lat' dir='ltr'><strong>FDpra</strong></span> <span class='ocrx_word' id='word_1_332' title='bbox 1207 4147 1346 4212; x_wconf 81' lang='lat' dir='ltr'><strong>proximae</strong></span> <span class='ocrx_word' id='word_1_333' title='bbox 1361 4164 1405 4198; x_wconf 83' lang='lat' dir='ltr'><strong>res</strong></span> 
     </span>
     <span class='ocr_line' id='line_1_39' title="bbox 213 4215 1405 4278; baseline 0.004 -17"><span class='ocrx_word' id='word_1_334' title='bbox 213 4215 268 4261; x_wconf 81' lang='lat' dir='ltr'><strong>IIV</strong></span> <span class='ocrx_word' id='word_1_335' title='bbox 286 4215 410 4278; x_wconf 84' lang='lat' dir='ltr'><strong>proximo</strong></span> <span class='ocrx_word' id='word_1_336' title='bbox 428 4215 510 4264; x_wconf 85' lang='lat' dir='ltr'><strong>resD</strong></span> <span class='ocrx_word' id='word_1_337' title='bbox 579 4217 737 4278; x_wconf 79' lang='lat' dir='ltr'><strong>aganturD</strong></span> <span class='ocrx_word' id='word_1_338' title='bbox 808 4217 839 4264; x_wconf 88' lang='lat'><strong>18</strong></span> <span class='ocrx_word' id='word_1_339' title='bbox 858 4220 901 4265; x_wconf 88' lang='lat' dir='ltr'><strong>est</strong></span> <span class='ocrx_word' id='word_1_340' title='bbox 919 4233 966 4267; x_wconf 86' lang='lat' dir='ltr'><strong>om.</strong></span> <span class='ocrx_word' id='word_1_341' title='bbox 984 4217 1038 4265; x_wconf 77' lang='lat' dir='ltr'><strong>MV</strong></span> <span class='ocrx_word' id='word_1_342' title='bbox 1106 4216 1286 4266; x_wconf 73' lang='lat' dir='ltr'><strong>dexter-amu</strong></span> <span class='ocrx_word' id='word_1_343' title='bbox 1338 4216 1405 4266; x_wconf 86' lang='lat' dir='ltr'><strong>fidu-</strong></span> 
     </span>
     <span class='ocr_line' id='line_1_40' title="bbox 214 4280 1404 4349; baseline 0.003 -20"><span class='ocrx_word' id='word_1_344' title='bbox 214 4282 285 4336; x_wconf 85' lang='lat' dir='ltr'><strong>ciam</strong></span> <span class='ocrx_word' id='word_1_345' title='bbox 304 4283 397 4330; x_wconf 86' lang='lat' dir='ltr'><strong>meiD</strong></span> <span class='ocrx_word' id='word_1_346' title='bbox 468 4285 498 4333; x_wconf 78' lang='lat'><strong>19</strong></span> <span class='ocrx_word' id='word_1_347' title='bbox 516 4280 621 4348; x_wconf 78' lang='lat' dir='ltr'><strong>Nepos]</strong></span> <span class='ocrx_word' id='word_1_348' title='bbox 641 4298 674 4333; x_wconf 94' lang='lat' dir='ltr'><strong>ne</strong></span> <span class='ocrx_word' id='word_1_349' title='bbox 693 4285 716 4331; x_wconf 93' lang='lat' dir='ltr'><strong>V</strong></span> <span class='ocrx_word' id='word_1_350' title='bbox 785 4288 897 4347; x_wconf 88' lang='lat' dir='ltr'><strong>praetor</strong></span> <span class='ocrx_word' id='word_1_351' title='bbox 916 4299 982 4333; x_wconf 80' lang='lat' dir='ltr'><strong>acer</strong></span> <span class='ocrx_word' id='word_1_352' title='bbox 1000 4289 1028 4334; x_wconf 90' lang='lat' dir='ltr'><strong>et</strong></span> <span class='ocrx_word' id='word_1_353' title='bbox 1045 4284 1124 4335; x_wconf 86' lang='lat' dir='ltr'><strong>sortis</strong></span> <span class='ocrx_word' id='word_1_354' title='bbox 1143 4288 1171 4333; x_wconf 90' lang='lat' dir='ltr'><strong>et</strong></span> <span class='ocrx_word' id='word_1_355' title='bbox 1182 4288 1296 4349; x_wconf 85' lang='lat' dir='ltr'><strong>praetor</strong></span> <span class='ocrx_word' id='word_1_356' title='bbox 1314 4280 1404 4349; x_wconf 86' lang='lat' dir='ltr'><strong>(prae-</strong></span> 
     </span>
     <span class='ocr_line' id='line_1_41' title="bbox 215 4346 1338 4415; baseline 0.003 -18"><span class='ocrx_word' id='word_1_357' title='bbox 215 4365 262 4399; x_wconf 89' lang='lat' dir='ltr'><strong>cor</strong></span> <span class='ocrx_word' id='word_1_358' title='bbox 278 4346 316 4413; x_wconf 72' lang='lat' dir='ltr'><strong>II)</strong></span> <span class='ocrx_word' id='word_1_359' title='bbox 333 4350 415 4397; x_wconf 75' lang='grc' dir='ltr'><strong>ΗΠ)</strong></span> <span class='ocrx_word' id='word_1_360' title='bbox 434 4355 540 4414; x_wconf 89' lang='lat' dir='ltr'><strong>praetor</strong></span> <span class='ocrx_word' id='word_1_361' title='bbox 557 4365 623 4399; x_wconf 86' lang='lat' dir='ltr'><strong>acer</strong></span> <span class='ocrx_word' id='word_1_362' title='bbox 642 4355 669 4399; x_wconf 90' lang='lat' dir='ltr'><strong>et</strong></span> <span class='ocrx_word' id='word_1_363' title='bbox 688 4351 768 4400; x_wconf 82' lang='lat' dir='ltr'><strong>fortis</strong></span> <span class='ocrx_word' id='word_1_364' title='bbox 786 4363 803 4405; x_wconf 85' lang='grc' dir='ltr'><strong><em>ς</em></strong></span> <span class='ocrx_word' id='word_1_365' title='bbox 820 4356 932 4415; x_wconf 91' lang='lat' dir='ltr'><strong>praetor</strong></span> <span class='ocrx_word' id='word_1_366' title='bbox 956 4368 1022 4401; x_wconf 86' lang='lat' dir='ltr'><strong>acer</strong></span> <span class='ocrx_word' id='word_1_367' title='bbox 1045 4358 1073 4403; x_wconf 89' lang='lat' dir='ltr'><strong>et</strong></span> <span class='ocrx_word' id='word_1_368' title='bbox 1095 4353 1175 4403; x_wconf 90' lang='lat' dir='ltr'><strong>fortis</strong></span> <span class='ocrx_word' id='word_1_369' title='bbox 1193 4353 1236 4401; x_wconf 82' lang='lat' dir='ltr'><strong>uIr</strong></span> <span class='ocrx_word' id='word_1_370' title='bbox 1254 4353 1338 4414; x_wconf 73' lang='lat' dir='ltr'><strong>Fpra</strong></span> 
     </span>
     <span class='ocr_line' id='line_1_42' title="bbox 214 4417 1406 4480; baseline 0.004 -16"><span class='ocrx_word' id='word_1_371' title='bbox 214 4418 247 4466; x_wconf 89' lang='grc'><strong>20</strong></span> <span class='ocrx_word' id='word_1_372' title='bbox 266 4417 379 4467; x_wconf 88' lang='lat' dir='ltr'><strong>multam</strong></span> <span class='ocrx_word' id='word_1_373' title='bbox 398 4420 480 4468; x_wconf 87' lang='lat' dir='ltr'><strong>etiam</strong></span> <span class='ocrx_word' id='word_1_374' title='bbox 499 4418 568 4468; x_wconf 78' lang='lat' dir='ltr'><strong>dixit</strong></span> <span class='ocrx_word' id='word_1_375' title='bbox 585 4421 709 4468; x_wconf 84' lang='lat' dir='ltr'><strong>senatori</strong></span> <span class='ocrx_word' id='word_1_376' title='bbox 725 4433 759 4480; x_wconf 82' lang='lat' dir='ltr'><strong>pr</strong></span> <span class='ocrx_word' id='word_1_377' title='bbox 827 4421 858 4467; x_wconf 91' lang='grc'><strong>21</strong></span> <span class='ocrx_word' id='word_1_378' title='bbox 877 4423 908 4468; x_wconf 88' lang='lat' dir='ltr'><strong>ut</strong></span> <span class='ocrx_word' id='word_1_379' title='bbox 928 4422 1162 4470; x_wconf 75' lang='lat' dir='ltr'><strong>retractareturn</strong></span> <span class='ocrx_word' id='word_1_380' title='bbox 1231 4422 1264 4470; x_wconf 86' lang='grc'><strong>23</strong></span> <span class='ocrx_word' id='word_1_381' title='bbox 1283 4436 1346 4473; x_wconf 87' lang='lat' dir='ltr'><strong>nam</strong></span> <span class='ocrx_word' id='word_1_382' title='bbox 1365 4421 1406 4469; x_wconf 91' lang='lat' dir='ltr'><strong>in·</strong></span> 
     </span>
     <span class='ocr_line' id='line_1_43' title="bbox 215 4485 1405 4538; baseline 0.004 -5"><span class='ocrx_word' id='word_1_383' title='bbox 215 4485 330 4534; x_wconf 89' lang='lat' dir='ltr'><strong>stituere</strong></span> <span class='ocrx_word' id='word_1_384' title='bbox 349 4487 404 4533; x_wconf 72' lang='lat' dir='ltr'><strong>HV</strong></span> <span class='ocrx_word' id='word_1_385' title='bbox 480 4489 513 4537; x_wconf 80' lang='lat'><strong>25</strong></span> <span class='ocrx_word' id='word_1_386' title='bbox 531 4486 670 4536; x_wconf 89' lang='lat' dir='ltr'><strong>reductum</strong></span> <span class='ocrx_word' id='word_1_387' title='bbox 689 4503 755 4537; x_wconf 89' lang='lat' dir='ltr'><strong>uero</strong></span> <span class='ocrx_word' id='word_1_388' title='bbox 775 4501 904 4536; x_wconf 86' lang='lat' dir='ltr'><strong>exercere</strong></span> <span class='ocrx_word' id='word_1_389' title='bbox 922 4488 978 4536; x_wconf 70' lang='lat' dir='ltr'><strong>IV</strong></span> <span class='ocrx_word' id='word_1_390' title='bbox 1006 4488 1181 4538; x_wconf 88' lang='lat' dir='ltr'><strong>reductumue</strong></span> <span class='ocrx_word' id='word_1_391' title='bbox 1201 4504 1331 4538; x_wconf 86' lang='lat' dir='ltr'><strong>exercere</strong></span> <span class='ocrx_word' id='word_1_392' title='bbox 1350 4505 1405 4538; x_wconf 90' lang='lat' dir='ltr'><strong>om·</strong></span> 
     </span>
     <span class='ocr_line' id='line_1_44' title="bbox 216 4553 1041 4618; baseline 0.004 -17"><span class='ocrx_word' id='word_1_393' title='bbox 216 4567 278 4601; x_wconf 89' lang='lat' dir='ltr'><strong>nem</strong></span> <span class='ocrx_word' id='word_1_394' title='bbox 295 4567 309 4600; x_wconf 92' lang='lat' dir='ltr'><strong>r</strong></span> <span class='ocrx_word' id='word_1_395' title='bbox 377 4553 511 4604; x_wconf 87' lang='lat' dir='ltr'><strong>lenissimi</strong></span> <span class='ocrx_word' id='word_1_396' title='bbox 530 4555 611 4603; x_wconf 76' lang='lat' dir='ltr'><strong>nvn</strong></span> <span class='ocrx_word' id='word_1_397' title='bbox 628 4556 750 4609; x_wconf 84' lang='lat' dir='ltr'><strong>Riccord.</strong></span> <span class='ocrx_word' id='word_1_398' title='bbox 770 4569 826 4618; x_wconf 83' lang='lat' dir='ltr'><strong>pra</strong></span> <span class='ocrx_word' id='word_1_399' title='bbox 844 4555 980 4605; x_wconf 83' lang='lat' dir='ltr'><strong>leuissimi</strong></span> <span class='ocrx_word' id='word_1_400' title='bbox 998 4557 1041 4604; x_wconf 76' lang='lat' dir='ltr'><strong>Pa</strong></span> 
     </span>
    </p>
   </div>
   <div class='ocr_carea' id='block_1_11' title="bbox 0 0 1526 5062">
    <p class='ocr_par' dir='ltr' id='par_1_14' title="bbox 0 0 1526 5062">
     <span class='ocr_line' id='line_1_45' title="bbox 0 0 1526 5062; baseline 0 0"><span class='ocrx_word' id='word_1_401' title='bbox 0 0 1526 5062; x_wconf 95' lang='lat' dir='ltr'><strong> </strong></span> 
     </span>
    </p>
   </div>
  </div>
 </body>
</html>
