3024 5062
182 267 245 332 270
365 283 371 293 ‘
591 282 621 331 0.
645 270 741 331 ruini
763 284 808 330 nv
831 280 976 330 nuaram

181 436 311 517 melius,
340 436 394 520 qui
417 437 524 500 omnia
545 437 674 521 integra
696 437 835 501 bonitati
856 439 932 500 tuas
953 436 1171 498 reservarunt:
1193 432 1378 497 maluerunt

182 536 243 600 hoc
264 537 371 620 potius
392 539 536 621 tempore
558 558 609 610 me
631 540 757 620 patrem
774 536 860 620 fieri,
885 557 947 620 quo
967 535 1094 599 futurus
1109 556 1212 599 essem
1234 536 1268 598 et
1289 554 1378 598 secu-

182 660 236 701 rus
260 641 292 702 et
313 638 402 702 felix.

600 806 955 895 mammmm

458 930 489 983 c.
512 931 660 982 emulus
678 930 840 982 Tulmuo
859 928 1089 980 iueaaauom
1390 927 1404 966 s

156 1045 172 1104 1
268 1043 315 1108 Ut
328 1043 467 1128 primum
482 1066 548 1128 me,
564 1046 706 1129 domine,
720 1045 923 1131 indulgentia
937 1047 1044 1108 vestra
1058 1043 1217 1128 promovit
1231 1041 1273 1105 ad
1287 1062 1379 1125 prae-

182 1146 340 1210 fecturam
364 1146 478 1210 aerarii
494 1145 640 1231 Saturni,
664 1147 812 1212 omnibus
828 1147 1106 1229 advocationibus,
1129 1144 1244 1229 quibus
1259 1143 1379 1226 alioqui

183 1266 357 1330 numquam
386 1269 472 1311 eram
498 1249 678 1332 promiscue
705 1249 854 1330 functus,
876 1247 1076 1331 renuntiavi,
1108 1249 1146 1310 ut
1171 1248 1241 1310 toto
1270 1243 1379 1308 animo

154 1346 331 1432 idelegato
352 1347 431 1412 mihi
453 1349 560 1414 officio
574 1371 731 1421 vacarem.
762 1372 825 1434 qua
848 1370 886 1413 ex
907 1371 1022 1433 causa,
1046 1370 1119 1413 cum
1139 1350 1313 1431 patronum
1327 1365 1379 1408 me

183 1449 394 1532 provinciales
416 1453 584 1535 optassent
609 1454 721 1516 eontra
743 1450 882 1515 Marium
903 1449 1065 1533 Priscum,
1094 1451 1127 1513 et
1147 1447 1228 1532 petii
1243 1447 1379 1532 ,veniam
1393 1470 1416 1508 ro

184 1550 278 1614 huius
306 1551 447 1615 muneris
475 1555 508 1616 et
534 1552 715 1637 impetravi.
752 1551 807 1616 sed
830 1573 905 1641 cum
923 1554 1036 1635 postea
1058 1549 1169 1615 consul
1190 1548 1380 1632 designatus

185 1653 361 1716 censuisset
389 1636 548 1738 agendum
575 1655 758 1739 nobiscum,
792 1675 925 1737 quorum
952 1655 1023 1717 erat
1049 1650 1213 1716 excusatio
1238 1652 1378 1732 recepta,

185 1756 221 1816 ut
243 1774 382 1817 essemus
404 1754 439 1817 in
461 1758 591 1819 senatus
613 1758 773 1840 potestate
795 1757 1039 1839 pateremurque
1057 1753 1190 1817 nomina
1212 1755 1324 1815 nostra
1345 1752 1379 1815 in

185 1876 299 1918 urnam
322 1854 441 1937 conici,
469 1856 807 1920 convenientissimum
829 1877 898 1920 esse
925 1853 1155 1940 tranquillitati
1177 1852 1304 1936 saeculi
1330 1852 1379 1916 tui

184 1957 295 2039 putavi
322 1957 509 2040 praesertim
537 1960 604 2021 tam
637 1957 819 2022 moderatae
846 1957 1007 2021 voluntati
1042 1940 1233 2039 amplissimi
1260 1953 1412 2018 ordinisrs

156 2056 253 2121 311011
274 2078 465 2143 repugnare.
497 2058 546 2123 cui
569 2059 718 2142 obsequio
736 2081 806 2123 meo
828 2062 904 2143 opto
924 2062 962 2121 ut
983 2057 1146 2123 existimes
1162 2058 1310 2120 constare
1331 2077 1379 2119 ra-

185 2159 324 2240 tionem,
349 2180 420 2223 cum
442 2161 550 2224 omnia
571 2160 661 2225 facta
676 2161 824 2244 dictaque
838 2181 909 2223 mea
929 2158 1066 2242 probare
1080 2155 1295 2222 sanctissimis
1316 2177 1378 2220 mo

185 2261 274 2324 ribus
295 2261 360 2325 tuis
383 2261 519 2345 cupiam.
1013 2280 1018 2287 ·

601 2431 652 2498 III
666 2431 706 2502 Β.
731 2430 844 2521 [XM]
869 2442 904 2509 (a
919 2442 963 2508 ec)

619 2555 802 2607 TRAIANUS
821 2553 946 2606 PLINIO
1384 2557 1403 2596 lc

270 2667 315 2734 Et
342 2669 420 2734 civis
449 2672 482 2735 et
509 2671 666 2736 senatoris
698 2671 776 2736 boni
802 2671 947 2756 partibus
974 2670 1105 2733 functus
1134 2689 1168 2732 es
1196 2665 1374 2750 obsequium

188 2772 375 2856 amplissimi
398 2772 534 2856 ordinis,
564 2778 647 2856 quod
667 2773 842 2838 iustissime
864 2772 1030 2857 exigebat,
1061 2769 1267 2855 praestando.
1303 2787 1373 2852 quas

188 2877 296 2958 partes
318 2873 524 2957 impleturum
545 2876 578 2938 te
601 2869 774 2939 secundum
796 2876 978 2958 susceptam
999 2871 1095 2936 fidem
1118 2870 1256 2937 confido.

629 3044 706 3109 IIII.
732 3042 815 3133 [HL]
840 3053 875 3120 (a.
895 3053 939 3120 se)

469 3166 501 3218 0.
519 3166 669 3219 01111100
686 3166 848 3219 rumano
864 3163 1094 3217 turrensem
1380 3164 1399 3206 s

154 3280 179 3343 -1
272 3281 481 3367 Indulgentia
507 3286 579 3367 tua,
607 3283 781 3367 imperator
805 3281 942 3366 optime,
971 3301 1067 3366 quam
1087 3277 1309 3364 plenissimam
1329 3298 1371 3342 01-

189 3384 311 3468 perior,
340 3383 488 3449 hortatur
514 3407 565 3449 me
587 3388 624 3449 ut
652 3383 785 3449 audeam
806 3383 867 3448 tibi
889 3382 987 3447 etiam
1008 3402 1067 3466 pro
1094 3379 1205 3446 amicis
1234 3377 1371 3465 obligari,

189 3485 275 3549 inter
290 3507 368 3570 quos
383 3485 445 3550 sibi
460 3486 510 3550 vel
530 3487 737 3571 praecipuum
751 3485 857 3550 locum
871 3483 1015 3550 vindicat
1028 3482 1191 3548 Voconius
1205 3480 1371 3562 Romanus

160 3585 230 3651 aab
257 3586 389 3651 ineunte
409 3589 522 3673 ,aetate
551 3587 785 3671 condiscipulus
807 3588 847 3670 ,et
874 3584 1112 3651 contubernalis
1137 3605 1238 3649 meus.
1269 3582 1372 3668 quibus
1414 3586 1418 3593 '

191 3709 229 3752 ex
252 3688 356 3753 causis
379 3691 411 3753 et
433 3711 452 3753 a
474 3689 547 3754 divo
567 3691 660 3772 patre
681 3691 737 3753 tuo
751 3688 908 3774 petieram
928 3687 1077 3752 utillum
1099 3685 1135 3751 in
1150 3685 1399 3771 amplissimunu

190 3790 334 3856 ordinem
355 3780 565 3874 promoveret.
602 3790 657 3854 sed
679 3791 740 3856 hoc
761 3792 867 3856 votum
894 3810 1000 3866 meum
1021 3787 1161 3854 bonitati
1187 3790 1264 3853 tuae
1285 3805 1372 3852 reser-

259 4071 273 4116 1
291 4066 412 4119 maluere
431 4069 456 4120 1.
476 4068 509 4117 A.
530 4068 665 4119 Ernestius
681 4066 800 4118 1111111110

259 4134 336 4186 IIIA
353 4137 395 4186 De
416 4136 536 4186 sortione
555 4137 704 4201 patrocinii
723 4137 858 4187 aduersus
875 4133 991 4186 Marium
1010 4134 1133 4186 Priscum
1152 4144 1169 4180 0
1239 4133 1270 4180 11
1290 4123 1372 4181 consul

191 4201 353 4267 designatus
372 4205 526 4254 censuisset
544 4204 595 4266 (vel
605 4203 732 4255 consules
751 4203 891 4269 designati
904 4201 1093 4265 censuissent)
1107 4197 1245 4266 agendum
1259 4200 1371 4250 61010100

191 4271 284 4320 00110111
303 4270 461 4336 designatus
480 4273 633 4322 censuisses
656 4271 801 4322 tacendum
821 4286 838 4320 a
860 4270 956 4322 consul
977 4271 1140 4336 designatus
1164 4267 1322 4317 conscissos
1336 4264 1372 4314 a·

192 4338 316 4388 ciendum
335 4339 514 4394 Ocacubouus
568 4342 598 4389 14
617 4340 817 4404 tranquillitati
835 4338 930 4390 Aldus²
947 4337 1153 4403 tranquillitate
1171 4349 1189 4384 0

192 4474 212 4524 C
257 4407 330 4456 IIIB
349 4407 494 4472 Epistulam
511 4424 565 4457 eum
581 4411 716 4473 superiore
728 4409 885 4459 coniunctam
902 4408 929 4457 ia
947 4422 964 4456 0
980 4407 1111 4471 separavit
1128 4410 1156 4454 et
1169 4403 1284 4453 Traiano
1295 4399 1372 4453 tatus

212 4481 334 4525 0101100110
622 4490 623 4493 ’

258 4543 314 4594 1111
331 4543 405 4592 Petit
422 4542 508 4593 latum
531 4543 641 4594 clauum
664 4545 752 4594 amico
769 4559 786 4593 0
