3024 5062
590 239 832 288 esunerarcus
848 235 889 284 ss.
905 237 946 286 ss.
969 238 1009 287 eo.
1336 228 1398 291 391
1436 245 1440 251 ·

209 392 258 456 cui
280 393 418 476 primum
440 392 580 458 dicatum
608 394 671 475 est,
700 393 746 456 ita
774 392 854 456 haec
883 392 995 476 optimi
1025 394 1198 477 appellatio
1224 418 1397 480 numquam

206 495 378 560 memoriae
400 494 566 559 hominum
589 496 658 559 sinc
680 498 713 559 te
735 498 891 577 recurret,
920 495 1129 579 quotiensque
1152 497 1272 579 posteri
1296 499 1396 561 nostri

206 596 360 679 optimum
389 596 527 681 aliquem
554 618 668 660 vocare
697 599 867 681 cogentur,
901 596 1018 660 totiens
1049 597 1300 662 recordabuntur
1327 600 1397 682 quis

206 700 358 762 meruerit
379 699 494 764 vocari.

179 823 191 861 5
289 798 416 876 Quanto
447 823 549 884 nunc,
585 802 655 865 dive
677 800 802 883 Nerva,
837 799 953 885 gaudio
980 799 1116 882 frueris,
1151 822 1221 864 cum
1254 801 1341 866 rides
1365 805 1397 866 et
1407 804 1447 868 89

205 923 273 966 esse
299 903 453 986 optimum
483 906 515 966 et
543 902 606 967 dici
628 925 721 988 quem
743 905 907 987 tamquam
935 901 1090 984 optimum
1120 902 1263 986 elegisti!
1300 926 1395 987 quam

203 1003 321 1068 laetum
343 1004 404 1068 tibi
426 1005 508 1089 quod
532 1009 734 1088 comparatus
756 1004 822 1069 filio
844 1007 899 1067 tuo
920 1003 1075 1068 vinceris!
1099 1026 1202 1089 neque
1225 1004 1310 1069 enim
1333 1006 1395 1070 alio

203 1106 307 1190 magis
330 1107 525 1191 approbatur
548 1107 647 1171 animi
670 1107 716 1170 tui
732 1106 934 1191 magnitude,
958 1127 1053 1190 quam
1076 1106 1158 1190 quod
1174 1106 1311 1190 optimus
1326 1107 1394 1192 ipse

203 1229 268 1271 non
289 1208 423 1272 timuisti
448 1209 565 1293 eligere
586 1209 759 1272 meliorem.
798 1209 852 1272 sed
876 1212 908 1271 et
928 1210 981 1290 tu,
1004 1210 1098 1290 pater
1125 1207 1274 1290 Traiane,
1305 1208 1393 1292 (nam

165 1334 189 1371 ιο
202 1312 238 1372 tu
259 1331 399 1394 quoque,
436 1310 462 1374 si
496 1332 561 1373 nou
593 1311 713 1392 sidera,
747 1311 925 1394 proximam
952 1312 1060 1373 tamen
1089 1309 1245 1374 sideribus
1267 1310 1392 1374 obtines

201 1411 321 1497 sedem)
343 1415 495 1496 quantam
518 1411 657 1497 percipis
672 1411 885 1496 voluptatem,
911 1434 983 1475 cum
997 1411 1088 1475 illum
1103 1411 1279 1495 tribunum,
1302 1411 1393 1476 illum

170 1512 334 1578 militem
357 1517 461 1598 tuum,
492 1517 621 1578 tantum
643 1514 883 1598 imperatorem,
912 1515 1039 1578 tantum
1075 1514 1254 1598 principem
1290 1516 1393 1580 cernis

201 1638 333 1700 cumque
356 1638 392 1680 eo
415 1616 470 1700 qui
493 1615 657 1700 adoptavit
680 1615 871 1680 amicissime
894 1615 1076 1699 contendis,
1109 1614 1272 1698 pulchrius
1294 1616 1393 1681 fuerit

199 1717 348 1802 genuisse
370 1719 467 1782 talem
491 1741 534 1782 an
558 1718 709 1803 elegisse!
732 1721 838 1784 macte
853 1721 985 1802 uterque
1007 1717 1134 1801 ingenti
1157 1717 1191 1780 in
1206 1739 1273 1781 rem
1288 1717 1390 1801 publi-

162 1844 184 1882 c
200 1841 270 1882 cam
291 1819 405 1884 merito
413 1870 421 1903 ,
447 1820 497 1884 cui
513 1819 573 1884 hoc
588 1824 715 1884 tantum
732 1821 806 1884 boni
823 1819 1022 1884 contulistis!
1045 1819 1121 1884 licet
1143 1818 1236 1883 alteri
1250 1822 1390 1883 vestrum

198 1919 256 1984 filii
278 1920 379 1984 virtus
401 1920 626 2006 triumphalia,
652 1922 774 1986 caelum
797 1922 889 1986 alteri
905 1921 1043 2004 dederit,
1068 1942 1133 1985 non
1155 1921 1260 1984 minor
1280 1924 1390 1986 tamen

197 2025 304 2087 vestra
326 2023 406 2106 laus,
431 2024 515 2108 quod
538 2024 601 2089 ista
624 2047 681 2109 per
702 2024 820 2108 filium,
845 2046 939 2108 quam
963 2025 990 2089 si
1012 2023 1073 2108 ipsi
1096 2023 1303 2088 meruissetis.

137 2118 141 2125 ’
283 2125 370 2209 Scio,
400 2130 507 2210 patres
537 2127 725 2210 conscripti,
761 2149 832 2190 cum
860 2129 981 2190 ceteros
1011 2126 1094 2190 cives
1122 2129 1191 2189 tum
1218 2126 1388 2210 praecipue
1401 2129 1443 2194 90

196 2228 343 2292 consules
365 2231 510 2310 oportere
533 2228 579 2293 sic
602 2229 710 2312 adfici,
735 2232 771 2293 ut
792 2251 826 2291 se
848 2228 974 2312 publice
996 2228 1100 2312 magis
1124 2250 1219 2312 quam
1241 2227 1390 2311 privatim

158 2354 183 2390 20
198 2329 357 2415 obligatos
379 2333 504 2412 putent.
543 2336 579 2394 ut
601 2331 686 2394 enim
707 2331 807 2394 malos
835 2330 996 2414 principes
1024 2329 1141 2393 rectius
1163 2328 1389 2414 pulchriusque

196 2434 245 2495 est
267 2453 305 2495 ex
327 2432 549 2496 communibus
571 2433 698 2496 iniuriis
721 2432 825 2496 odisse
847 2453 942 2516 quam
970 2432 1123 2516 propriis,
1153 2432 1199 2495 ita
1221 2431 1298 2496 boui
1320 2453 1388 2515 spe-

196 2533 312 2598 ciosius
335 2537 485 2598 amantur
506 2535 546 2598 ob
569 2556 702 2618 eaquae
725 2535 836 2618 generi
859 2533 1009 2617 humano,
1033 2556 1129 2618 quam
1152 2555 1232 2618 quae
1253 2533 1388 2597 homini-

194 2637 253 2700 bus
275 2639 451 2719 praestant.
491 2638 565 2720 quia
586 2640 696 2700 tamen
723 2637 757 2700 in
780 2636 1043 2701 consuetudinem
1064 2635 1161 2700 vertit
1182 2640 1220 2700 ut
1242 2636 1387 2701 consules

193 2737 323 2823 publica
345 2738 523 2822 gratiarum
546 2739 672 2804 actione
694 2739 817 2822 perlata
845 2730 901 2802 su'o
929 2759 1052 2823 quoque
1080 2738 1209 2802 nomine
1232 2741 1388 2821 quantum

155 2867 181 2907 es
196 2840 335 2905 debeant
355 2841 493 2924 principi
517 2842 745 2925 profiteantur,
776 2840 939 2905 concedite
970 2861 1020 2905 me
1042 2861 1108 2904 non
1131 2861 1188 2923 pro
1211 2862 1261 2903 me
1284 2841 1387 2926 magis

192 2963 324 3006 munere
345 2942 408 3006 isto
431 2964 525 3026 quam
548 2965 605 3027 pro
629 2943 751 3028 collega
772 2965 842 3007 meo
866 2943 1006 3008 Cornuto
1028 2941 1187 3025 Tertullo,
1213 2941 1387 3006 clarissimo

191 3044 277 3128 viro,
299 3043 402 3129 fungi.
441 3067 497 3108 cur
519 3047 604 3109 enim
632 3066 699 3110 non
726 3067 784 3130 pro
806 3045 863 3110 illo
885 3066 1009 3131 quoque
1037 3045 1158 3130 gratias
1188 3066 1299 3129 agam,
1328 3066 1387 3128 pro

127 3202 130 3207 .
191 3167 254 3230 quo
276 3167 341 3209 non
364 3147 469 3210 minus
491 3147 614 3212 debeo?
635 3147 822 3231 praesertim
845 3169 917 3211 cum
938 3146 1236 3232 indulgentissimus
1251 3146 1386 3230 impera-

190 3250 242 3311 tor
264 3247 298 3311 in
321 3249 490 3312 concordia
512 3253 623 3313 nostra
645 3271 682 3313 ee
704 3250 902 3334 praestiterit
918 3248 1088 3332 ambobus,
1112 3270 1194 3333 quae
1217 3249 1386 3312 sitantum

152 3377 177 3416 ao
190 3349 227 3413 in
242 3350 378 3414 alterum
395 3351 590 3434 contulisset,
615 3352 724 3415 ambos
740 3354 848 3415 tamen
864 3350 1039 3434 aequaliter
1054 3350 1240 3434 obligasset.
1265 3352 1386 3413 utrum-

191 3473 253 3536 que
275 3453 418 3516 nostrum
440 3453 495 3517 ille
517 3453 628 3537 optimi
654 3453 804 3537 cuiusque
827 3452 982 3536 spoliator
1004 3456 1036 3517 et
1057 3451 1201 3516 carnifex
1223 3451 1385 3536 stragibus

192 3553 366 3618 amicorum
389 3557 422 3618 et
443 3554 479 3619 in
501 3554 681 3639 proximum
703 3555 788 3619 iacto
809 3553 945 3619 fulmine
960 3553 1144 3620 adflaverat.
1175 3554 1276 3618 isdem
1299 3553 1385 3618 enim

191 3655 303 3720 amicis
326 3656 558 3742 gloriabamur,
589 3658 715 3722 eosdem
744 3656 876 3721 amissos
899 3657 1101 3742 lugebamus,
1132 3678 1171 3721 ac
1199 3657 1283 3719 sicut
1304 3677 1384 3721 nunc

259 3968 274 4016 6
293 3965 349 4016 dici
368 3969 499 4032 tanquam
519 3968 652 4032 optimum
671 3983 752 4032 quem
770 3966 879 4032 elegisti
896 3967 916 4014 B
1003 3969 1018 4017 7
1040 3965 1143 4016 laetum
1162 3966 1213 4016 tibi
1231 3965 1315 4016 Bacd
1333 3966 1384 4016 tibi

188 4035 334 4084 laetumA
403 4038 500 4086 9nam
519 4041 547 4086 et
565 4041 596 4086 tu
615 4037 762 4101 quoqueB
843 4037 874 4085 13
893 4034 1069 4098 adoctauitll
1137 4033 1279 4099 pulchrius
1297 4035 1384 4084 suerit

183 4103 319 4168 genuisse
339 4103 425 4153 talem
444 4119 479 4153 an
497 4103 614 4169 elegisse
634 4105 762 4154 Liuineius
778 4102 919 4169 pulchrius
936 4103 1024 4152 fuisse
1049 4101 1161 4164 (fecisse
1180 4100 1227 4165 erl)
1252 4102 1380 4166 genuisse

119 4215 122 4220 .
188 4170 274 4221 talem
293 4187 328 4220 an
349 4170 466 4236 elegisse
484 4172 573 4221 ΔΒοᾱ
595 4171 736 4237 pulchrius
758 4171 844 4222 fuisse
868 4171 997 4236 genuisse
1021 4169 1107 4220 talem
1131 4184 1211 4234 quam
1230 4169 1348 4236 elegisse
1368 4188 1381 4220 c

187 4241 336 4290 coniectura
355 4239 462 4290 Gesnerz'
481 4240 607 4304 Gierrjqr'us
694 4240 863 4291 mnostrum
882 4255 951 4290 corr.
970 4241 1003 4293 al.
1021 4255 1085 4288 man.
1107 4241 1229 4288 uestrum
1246 4239 1262 4288 b
1351 4241 1381 4287 16

187 4323 244 4358 non
262 4307 350 4357 minor
368 4309 453 4357 Beerl
471 4323 524 4358 non
542 4311 626 4358 miror
642 4306 664 4355 Δ
745 4309 775 4358 17
795 4307 866 4374 quod
884 4309 939 4358 ista
956 4306 979 4356 A
997 4321 1077 4371 quam
1092 4306 1147 4356 ista
1164 4307 1207 4355 ru
1225 4307 1349 4373 quaesita
1368 4322 1382 4356 c

258 4375 290 4425 18
307 4378 456 4441 praecipue
475 4393 521 4427 om.
540 4377 554 4439 β
623 4373 767 4439 revertit]
787 4377 865 4426 uenit
882 4378 939 4427 cod.
960 4375 1066 4426 Medici.
1085 4387 1102 4428 ς
1187 4376 1221 4424 24
1239 4374 1380 4440 prolatae

186 4447 304 4508 peracta
324 4443 348 4493 I.
368 4446 402 4497 Α.
421 4445 555 4495 Ernestius
623 4445 656 4494 26
673 4444 807 4507 tertulob
886 4447 919 4495 27
937 4458 986 4508 pro
1006 4458 1057 4508 quo
1076 4443 1201 4494 minusB
1288 4442 1319 4494 31
1338 4442 1381 4492 illi

185 4514 207 4563 B
278 4512 310 4563 32
328 4511 475 4564 flumineB
544 4517 577 4566 33
595 4527 668 4563 nunc
686 4529 733 4564 om.
752 4513 838 4578 AM,
858 4514 918 4564 add.
938 4523 976 4567 ος
