3024 5062
155 290 219 354 390
674 305 703 351 c.
728 305 825 350 sunu

106 460 146 524 88
240 459 387 543 Plerique
414 459 576 542 principes
584 508 593 541 ,
624 480 695 521 cum
725 460 831 520 essent
859 455 975 520 civium
998 456 1135 540 domini,
1164 456 1353 520 libertorum

157 564 248 625 erant
271 561 369 624 servi:
398 561 512 645 horum
541 560 680 624 consiliis
687 609 696 642 ,
725 559 839 623 horum
867 561 948 622 nutu
971 559 1180 642 regebantur,
1209 579 1267 641 per
1293 554 1353 620 hos

157 664 342 745 audiebant,
366 684 423 746 per
445 662 502 726 hos
524 662 753 745 loquebantur,
777 682 834 744 per
856 660 913 724 hos
937 666 1106 743 praeturae
1130 659 1226 723 etiarn
1250 662 1282 723 61
1305 681 1353 722 sa-

159 766 298 830 cerdotia
321 768 353 829 et
376 765 574 845 consulatus,
603 763 700 826 immo
730 766 762 826 et
790 763 829 825 ab
859 762 909 825 his
932 762 1136 850 petebantur.
1170 764 1206 824 tu
1228 761 1353 824 libertis

158 869 221 931 tuis
245 889 402 931 summurn
426 867 551 950 quidem
575 865 743 947 honorem,
767 864 821 928 sed
844 867 1006 947 tamquam
1027 863 1151 927 libertis
1175 863 1378 951 habes-abe

158 953 304 1053 undeque
327 969 472 1033 sufficere
495 968 534 1032 iis
558 967 674 1050 crediS,
698 967 724 1030 si
747 966 840 1050 probi
865 969 897 1028 et
918 965 1006 1050 frugi
1029 965 1262 1030 existimentur.
1293 964 1355 1028 scis

160 1072 246 1136 enim
278 1071 484 1155 praecipuum
518 1091 585 1134 esse
620 1069 774 1133 indicium
802 1090 868 1132 non
896 1068 1008 1153 magni
1036 1067 1191 1152 principis
1219 1088 1356 1152 magnos

158 1175 301 1237 libertos
340 1194 376 1236 ac
398 1172 537 1256 primum
565 1171 727 1235 neminem
754 1171 789 1233 in
817 1192 876 1234 usn
905 1170 1004 1233 habes
1033 1169 1097 1234 nisi
1125 1171 1182 1232 aut
1210 1169 1272 1232 tibi
1301 1176 1358 1232 aut

160 1276 245 1359 patri
268 1279 324 1338 tuo
347 1277 403 1336 aut
424 1273 545 1357 optimo
570 1273 681 1355 cuique
704 1272 886 1356 principum
909 1272 1078 1353 dilectum,
1102 1272 1275 1355 statimque
1296 1270 1357 1334 hos

161 1378 246 1459 ipsos
270 1376 393 1440 cotidie.
418 1375 530 1438 deinde
553 1375 599 1438 ita
621 1376 749 1457 formaS,
772 1382 809 1438 ut
831 1395 864 1437 se
886 1396 952 1438 non
974 1377 1031 1437 tua
1053 1373 1194 1456 fortuna,
1219 1373 1276 1437 sed
1298 1395 1357 1436 sua
1371 1397 1394 1436 10

161 1479 351 1560 metiantur,
375 1480 407 1541 et
428 1479 520 1540 tanto
542 1477 646 1561 magis
669 1476 760 1561 digni
783 1477 897 1561 quibus
919 1475 1023 1540 honor
1051 1475 1155 1540 omnis
1177 1477 1358 1559 praestetur

163 1604 181 1644 a
203 1580 310 1662 nobis,
335 1579 410 1662 quia
432 1601 497 1642 non
520 1583 568 1642 est
589 1601 728 1642 neeesse.
766 1579 901 1642 iustisne
924 1579 962 1642 de
986 1579 1090 1642 causis
1106 1579 1236 1642 senatus
1258 1599 1358 1663 popu·

164 1684 274 1765 iusque
296 1680 460 1744 Romanus
482 1680 593 1764 optimi
617 1681 678 1745 tibi
702 1702 878 1766 cognomen
902 1681 1043 1745 adiecit?
1064 1683 1212 1764 paratum
1235 1679 1268 1743 id
1291 1680 1358 1764 qui-

163 1785 234 1848 dem
257 1786 289 1846 et
311 1784 345 1846 in
376 1783 480 1847 medio
507 1782 662 1866 positum,
691 1806 809 1847 novum
831 1787 950 1847 tamen,
989 1783 1071 1847 scias
1093 1783 1255 1846 neminem
1284 1785 1369 1845 ante-

163 1886 330 1968 meruisse,
364 1885 447 1969 quod
474 1906 541 1949 non
569 1888 639 1948 erat
669 1886 931 1970 excogitandum,
968 1885 1066 1968 siquis
1094 1883 1272 1948 meruisset.
1318 1906 1359 1946 an
1374 1913 1394 1948 s

164 1987 262 2052 satius
284 1987 348 2050 fuit
369 1986 497 2050 felicem
519 1988 657 2051 vocare?
679 1989 762 2072 quod
785 2010 851 2052 non
874 1987 1032 2070 moribuS,
1056 1986 1110 2050 sed
1133 1985 1285 2050 fortunae
1302 1986 1360 2049 da-

165 2094 233 2153 tum
256 2092 320 2152 est:
345 2089 444 2153 satius
466 2089 641 2173 magnum?
665 2091 714 2153 cui
737 2090 808 2174 plus
831 2089 971 2154 invidiae
994 2111 1088 2175 quam
1110 2087 1360 2173 pulchritudinis

165 2193 258 2256 inest.
297 2191 460 2275 adoptavit
482 2195 513 2255 te
529 2192 668 2275 optimus
684 2192 833 2276 princeps
857 2192 891 2256 in
912 2214 1020 2275 suum,
1044 2195 1176 2255 senatus
1197 2191 1234 2254 in
1250 2189 1361 2274 optimi

165 2315 300 2357 nomen:
337 2293 397 2356 hoc
419 2293 479 2358 tibi
501 2297 567 2357 tarn
590 2295 754 2378 proprium
777 2317 871 2378 quam
893 2296 1082 2378 paternum3
1106 2315 1165 2356 nec
1188 2292 1294 2376 magis
1317 2290 1360 2354 di-

166 2395 284 2458 stincte
307 2395 499 2479 definiteque
521 2395 671 2480 designat
699 2397 752 2479 qui
776 2397 969 2479 Traianum,
1000 2417 1094 2480 quarn
1123 2394 1177 2479 qui
1205 2394 1361 2478 optimum
1373 2428 1395 2464 n

167 2495 323 2579 appellat,
353 2500 389 2560 ut
410 2496 485 2560 olim
513 2496 702 2582 frugalitate
725 2497 876 2581 PisoneS,
906 2497 1067 2581 sapientia
1094 2495 1212 2579 Laelii,
1241 2497 1361 2580 pietate

165 2597 288 2661 Metelli
311 2598 583 2663 monstrabantur.
614 2621 694 2683 quac
716 2599 811 2663 simul
834 2599 941 2663 omnia
963 2620 1028 2663 uno
1050 2600 1112 2662 isto
1134 2600 1267 2663 nomine
1291 2619 1362 2662 con·

166 2701 320 2764 tinentur.
344 2722 403 2764 1160
427 2701 525 2765 videri
547 2705 655 2786 potest
676 2703 815 2787 optimus
836 2703 900 2766 nisi
921 2703 975 2787 qui
998 2705 1047 2766 est
1062 2700 1209 2765 omnibus
1233 2700 1362 2785 optimis

168 2803 202 2864 in
226 2824 282 2865 sua
306 2801 455 2885 cuiusque
478 2802 571 2867 laude
592 2796 819 2887 praestantior.
857 2805 972 2868 merito
1000 2803 1060 2868 tibi
1083 2824 1160 2888 ergo
1183 2807 1258 2886 post
1281 2805 1361 2867 cete-

167 2924 219 2966 ras
243 2902 472 2985 appellationes
494 2904 574 2968 haec
597 2909 645 2969 est
667 2906 776 2969 addita
797 2909 833 2969 ut
855 2905 966 2969 maior.
996 2904 1103 2969 minus
1126 2906 1175 2968 est
1197 2904 1286 2968 enirn
1307 2904 1396 2974 im-as

167 3007 346 3088 peratorem
368 3007 401 3068 et
424 3004 591 3070 Gaesarem
615 3010 647 3070 et
669 3009 851 3092 Augustum
874 3029 968 3090 quam
992 3007 1139 3070 omnibus
1163 3006 1363 3090 imperatori-

168 3107 226 3170 bus
250 3109 282 3170 et
305 3105 492 3172 Caesaribus
521 3111 553 3171 et
575 3110 732 3194 Augustis
761 3132 829 3174 esse
857 3110 1033 3174 meliorem.
1071 3109 1205 3193 ideoque
1233 3108 1289 3172 ille
1307 3131 1361 3192 pa·

167 3230 241 3271 rens
264 3208 429 3272 hominum
452 3210 642 3293 deorumque
665 3212 778 3295 optimi
806 3213 910 3296 prius,
941 3211 1055 3276 deinde
1077 3211 1212 3275 maximi
1233 3211 1363 3275 1101111116

169 3310 293 3374 colitur.
331 3332 393 3394 quo
415 3311 610 3395 praeclarior
632 3312 701 3376 laus
724 3317 780 3377 tua
788 3364 796 3396 ,
821 3336 915 3399 quem
930 3335 996 3377 non
1010 3314 1116 3377 minus
1133 3316 1263 3377 constat
1285 3313 1363 3397 opti-

167 3434 254 3475 mum
277 3433 344 3475 esse
367 3435 462 3496 quarn
484 3414 668 3478 maximum.
706 3417 873 3480 adsecutus
901 3438 934 3480 es
957 3436 1075 3480 nomen
1096 3415 1181 3499 qnod
1204 3415 1244 3479 ad
1268 3415 1395 3487 oliumas

168 3514 305 3577 transire
328 3536 393 3577 non
415 3515 532 3598 possit,
554 3516 618 3579 nisi
639 3519 675 3579 ut
704 3520 858 3601 appareat
878 3518 914 3582 in
935 3518 1019 3581 bono
1042 3515 1189 3602 principe
1214 3517 1361 3600 alienum,

168 3616 203 3679 in
225 3615 309 3679 malo
324 3615 457 3700 falsum,
481 3617 564 3700 quod
579 3616 655 3681 licet
670 3640 780 3682 omnes
794 3621 905 3702 postea
919 3620 1090 3703 usurpent,
1114 3639 1243 3703 semper
1258 3623 1363 3684 tamen

170 3721 363 3802 agnoscetur
384 3722 420 3781 ut
442 3721 543 3784 tuum.
575 3719 694 3783 etenim
715 3724 752 3786 ut
766 3721 895 3785 nomine
917 3720 1059 3806 Augusti
1074 3720 1286 3786 admonemur
1301 3721 1363 3791 eius

237 3943 320 3993 3hos
338 3945 423 3993 altimo
441 3948 496 3994 loeo
515 3945 597 4008 011,β
665 3947 734 3995 tab
755 3944 830 3995 iisA
915 3947 1025 3996 5suum
1049 3943 1157 4010 quidem
1176 3947 1285 4010 Lipsius
1349 3946 1364 3994 6

169 4012 205 4061 iis
223 4012 246 4060 Δ
263 4011 306 4060 his
324 4011 386 4060 Bcd
471 4013 670 4077 9cuiquamB
756 4014 910 4078 principum
929 4015 1011 4063 deleri
1026 4015 1104 4065 voluit
1121 4013 1285 4064 Scdwnrzius

171 4079 302 4127 dilectum
321 4079 501 4143 habitumque
522 4081 741 4146 (spectatumque
756 4082 904 4145 Gesnerus),
924 4081 974 4132 hos
993 4083 1069 4146 ipsos
1082 4081 1198 4131 cottidie
1217 4081 1314 4132 deinde
1327 4082 1364 4130 ita

171 4148 271 4196 formas
289 4148 394 4210 Lipsius
412 4155 438 4198 et
457 4148 583 4198 Gesnerus
610 4149 754 4212 dilectum,
784 4149 882 4200 deinde
906 4149 1000 4199 statim
1018 4149 1069 4200 hos
1087 4150 1165 4214 ipsos
1185 4150 1309 4215 quotidie
1327 4151 1364 4199 ita

171 4215 272 4264 formas
291 4215 449 4266 Sctworzius
534 4217 680 4282 statimque
700 4223 730 4266 ut
747 4218 797 4268 hos
814 4219 836 4267 Δ
935 4220 964 4266 11
984 4222 1011 4267 01
1029 4219 1111 4268 deleri
1128 4219 1207 4268 voluit
1224 4217 1363 4269 Livineius:

173 4286 200 4330 et
218 4286 296 4331 tanto
315 4284 405 4349 magis
423 4284 501 4350 digni
519 4289 583 4333 sunt
601 4287 637 4334 H.
657 4286 801 4350 Stephanus
854 4287 885 4335 14
904 4289 968 4335 ante
988 4291 1014 4335 te
1033 4286 1167 4336 meruisse
1187 4288 1247 4336 cod.
1262 4287 1364 4337 Medici.

256 4353 287 4400 23
308 4354 353 4415 qui
372 4355 414 4401 est
433 4352 556 4403 omnibus
574 4354 685 4417 optimis
705 4353 719 4415 β
743 4354 788 4418 qui
806 4358 850 4404 est
872 4354 989 4418 optimus
1008 4354 1134 4404 omnibus
1154 4355 1270 4419 optimis
1288 4356 1304 4403 b
1323 4353 1364 4416 qni

173 4439 215 4482 est
231 4435 348 4499 optimus
366 4438 388 4483 Δ
408 4437 453 4501 qni
473 4441 514 4486 est
532 4438 656 4488 omnibus
676 4439 794 4503 optimus
811 4440 848 4488 61
865 4442 913 4502 qui
932 4446 975 4488 est
992 4439 1117 4489 omnibus
1138 4439 1270 4488 Gesnerus
1335 4439 1364 4487 16

173 4506 200 4550 61
219 4518 358 4553 caesarem
377 4506 556 4568 augustumit
626 4510 658 4557 30
677 4510 843 4571 assequutus
862 4508 943 4557 estA
1014 4506 1050 4556 ad
1072 4523 1120 4560 cm.
1137 4504 1162 4554 Δ
1232 4509 1266 4557 33
1284 4520 1365 4571 agno·

173 4573 265 4620 scctur
281 4571 365 4619 Bacd
384 4577 566 4637 cognoscetur
583 4574 606 4622 Δ
