3024 5062
494 274 737 322 arrarumaun
753 274 829 323 vrn.
848 271 887 319 14.
904 267 938 334 (a.
955 270 1011 319 ros.
1028 267 1085 332 roe)
1320 257 1381 320 221

190 429 272 492 rium
300 410 407 512 versa,
438 431 596 510 postremo
619 428 835 492 obliviscenda
856 429 959 512 magis
983 448 1077 511 quam
1104 427 1254 491 tenenda.
1288 425 1412 490 iidem8

189 530 410 614 prospeximus
439 530 575 612 cm'iam,
609 530 664 593 sed
694 531 814 594 curiam
846 531 1004 613 trepidam
1038 531 1070 592 et
1100 529 1277 613 elinguem,
1312 549 1382 591 cum

190 630 295 694 dicere
318 632 400 715 quod
423 630 519 694 velles
533 633 757 716 periculosum,
781 632 864 716 quod
884 631 989 695 nolles
1010 631 1162 694 miserum
1184 632 1276 694 esset.
1307 630 1384 713 quid

188 737 267 796 tunc
290 733 368 796 disci
384 734 504 817 potuit,
528 735 603 817 quid
619 734 766 798 didicisse
788 735 884 815 iuvit,
910 755 979 797 cum
998 735 1127 796 senatus
1144 734 1200 794 aut
1221 730 1261 793 ad
1283 731 1383 794 otium

164 847 348 897 5summum
371 837 427 897 aut
445 835 485 897 ad
507 855 665 898 summum
681 836 772 899 nefas
795 838 963 899 vocaretur
978 837 1010 898 et
1027 833 1117 897 modo
1139 833 1276 896 ludibrio
1290 832 1383 895 modo
1484 900 1486 905 ,

190 934 290 998 dolori
317 937 461 999 retentus
489 958 661 1019 numquam
690 937 788 1019 seria,
818 927 937 999 tristia
955 957 1049 1018 saepe
1079 933 1247 998 censeret?
1274 931 1413 996 eadem9

190 1036 274 1099 mala
296 1036 361 1099 iam
389 1040 567 1121 senatoreS,
595 1040 659 1101 iam
686 1039 859 1122 participes
882 1038 1038 1102 malorum
1060 1037 1176 1099 multos
1203 1057 1261 1119 per
1283 1057 1384 1098 annos

190 1137 326 1201 vidimus
348 1138 556 1222 tulimusque,
585 1140 699 1223 quibus
721 1140 853 1224 ingenia
875 1143 986 1204 nostra
1013 1140 1047 1203 in
1075 1140 1238 1222 posterum
1260 1158 1384 1220 quoque

190 1239 340 1303 hebetata
361 1239 466 1304 fracta
490 1243 623 1305 contusa
646 1244 730 1304 sunt.
764 1242 860 1305 breve
882 1244 1008 1324 tempus
1032 1241 1121 1324 (nam
1142 1241 1235 1302 tanto
1257 1238 1383 1301 brevius
1395 1237 1435 1299 10

156 1355 177 1394 10
190 1362 284 1404 omne
305 1344 426 1425 quanto
448 1342 572 1406 felicius
594 1344 751 1427 tempus),
776 1365 837 1426 quo
860 1343 939 1406 libet
961 1343 1042 1406 scire
1064 1341 1140 1425 quid
1161 1341 1259 1403 simus
1266 1391 1275 1423 ,
1304 1340 1384 1403 libet

190 1464 336 1506 exercere
359 1444 441 1526 quod
463 1443 591 1507 scimus
629 1466 691 1527 quo
706 1444 820 1507 iustius
835 1447 920 1528 peto,
944 1444 1081 1527 primum
1096 1446 1133 1507 ut
1147 1443 1261 1526 errori,
1286 1441 1383 1525 siquis

190 1547 238 1609 est
254 1566 342 1609 error
348 1595 356 1627 ,
380 1545 503 1609 tribuas
520 1546 661 1628 veniam,
686 1545 800 1608 deinde
815 1546 971 1609 medearis
986 1545 1122 1609 scientia
1137 1548 1209 1626 tua,
1233 1543 1284 1607 cui
1304 1565 1383 1606 sem-

189 1667 246 1728 per
260 1646 324 1710 fuit
347 1668 439 1710 curae
455 1647 500 1710 sic
515 1647 586 1709 iura
607 1646 736 1729 publica
752 1650 788 1709 ut
802 1647 944 1729 privata,
969 1647 1015 1710 sic
1031 1645 1164 1728 antiqua
1178 1647 1215 1708 ut
1229 1645 1381 1728 recentia,

190 1748 235 1810 sic
257 1769 332 1811 rara
353 1751 389 1812 ut
412 1749 539 1815 assidua
560 1751 710 1811 tractare.
744 1751 840 1831 atque
863 1769 923 1832 ego
939 1749 1078 1812 arbitror
1098 1747 1163 1810 illis
1186 1747 1294 1829 etiam,
1318 1745 1433 1829 qui-ll

155 1863 177 1902 1⁵
189 1847 247 1911 bus
270 1847 607 1932 plurimarum‘rerum
631 1849 768 1932 agitatio
791 1849 941 1933 frequens
963 1848 1046 1912 nihil
1069 1870 1137 1912 esse
1160 1849 1306 1933 ignotum
1329 1870 1383 1931 pa-

189 1949 347 2033 tiebatur,
382 1972 483 2034 genus
513 1951 709 2035 quaestionis
739 1951 822 2034 quod
851 1951 959 2015 adfero
994 1951 1035 2013 ad
1062 1954 1095 2014 te
1127 1952 1184 2013 aut
1210 1972 1276 2013 non
1306 1950 1384 2012 satis

189 2050 302 2114 tritum
331 2055 387 2114 aut
415 2052 511 2114 etiam
539 2053 741 2135 inexpertum
762 2051 871 2116 fuisse.
905 2052 966 2116 hoc
989 2055 1021 2115 et
1043 2073 1103 2135 ego
1133 2052 1328 2134 excusatior,
1358 2051 1385 2113 si

188 2152 274 2216 forte
290 2174 360 2217 sum
382 2152 490 2236 lapsus
497 2204 505 2236 ,
530 2157 563 2217 et
577 2157 613 2217 tu
628 2154 756 2238 dignior
777 2153 887 2237 laude,
911 2156 938 2217 si
953 2157 1044 2237 potes
1067 2155 1100 2217 id
1114 2174 1238 2236 quoque
1260 2152 1383 2234 docere,

189 2253 273 2338 quod
296 2253 331 2317 iu
353 2254 486 2318 obscuro
509 2257 557 2318 est
579 2278 621 2318 ari
643 2255 800 2319 didiceris
836 2255 1033 2318 referebatur
1056 2255 1093 2319 de
1122 2254 1245 2317 libertis
1267 2253 1383 2316 Afrani
1397 2251 1435 2314 12

155 2370 177 2410 20
190 2355 305 2418 Dextri
328 2355 482 2439 consulis,
506 2357 665 2421 incertum
687 2379 743 2419 sua
767 2379 808 2420 an
831 2379 959 2420 suorum
982 2378 1095 2439 manu,
1126 2355 1244 2419 scelere
1267 2378 1309 2418 an
1331 2355 1385 2418 ob-

190 2457 301 2541 sequio
317 2457 490 2541 perempti.
525 2457 583 2521 hos
599 2458 680 2521 alius
704 2458 836 2544 (‘quis‘?'
859 2459 980 2542 inquis:
1005 2480 1080 2542 ego:
1104 2458 1159 2521 sed
1174 2456 1255 2519 nihil
1271 2457 1383 2540 refert)

189 2563 264 2642 post
286 2559 505 2642 quaestionem
525 2560 681 2642 supplicio
703 2559 902 2643 liberandos,
927 2560 1007 2623 alius
1029 2561 1064 2622 in
1086 2560 1225 2622 insulam
1240 2558 1384 2641 relegan-

191 2661 264 2743 doS,
296 2661 377 2724 alius
399 2663 501 2724 morte
523 2660 701 2744 puniendos
724 2661 952 2725 arbitrabatur.
989 2683 1124 2744 quarum
1151 2661 1384 2724 sententiarum

190 2764 285 2824 tanta
312 2761 479 2824 diversitas
508 2764 595 2845 erat,
624 2767 660 2826 ut
689 2784 755 2825 non
782 2765 913 2846 possent
941 2783 1008 2825 esse
1031 2762 1094 2824 nisi
1117 2762 1273 2845 singulae.
1308 2761 1384 2845 quid
1397 2757 1435 2819 13

153 2879 178 2919 25
191 2863 278 2927 enim
302 2884 469 2926 commune
491 2864 589 2927 habet
616 2864 759 2927 occidere
782 2868 814 2928 et
836 2862 1003 2947 relegare?
1030 2885 1096 2926 non
1123 2863 1253 2927 hercule
1280 2863 1384 2947 magis

191 2986 287 3048 quam
315 2963 458 3048 relegare
487 2966 534 3028 et·
547 2965 724 3029 absolvere:
757 2987 949 3049 quamquam
981 2966 1110 3049 propior
1143 2965 1308 3049 aliquanto
1337 2968 1385 3028 est

191 3065 371 3130 sententiae
393 3065 568 3150 relegantis
594 3088 674 3150 quae
697 3066 848 3152 absolvit,
878 3088 974 3151 quam
995 3089 1077 3150 quae
1099 3066 1216 3130 occidit
1238 3070 1384 3152 (utraque

192 3168 279 3232 enim
302 3189 340 3231 ex
363 3167 426 3231 illis
449 3168 549 3231 vitam
571 3168 738 3251 relinquit,
762 3168 843 3233 haec
865 3169 1002 3253 adimit),
1027 3191 1099 3233 cum
1120 3168 1250 3232 interim
1273 3172 1306 3232 et
1331 3170 1386 3250 qui

191 3273 294 3333 morte
316 3269 496 3352 puniebant
518 3272 551 3332 et
572 3271 626 3352 qui
647 3269 838 3353 relegabant
859 3293 924 3333 una
952 3270 1107 3334 sedebant
1133 3274 1166 3333 et
1192 3270 1386 3354 temporaria

152 3370 397 3434 assimulatione
425 3358 612 3435 concordiae
640 3370 831 3435 discordiam
859 3371 1057 3435 differebant.
1097 3393 1157 3455 ego
1184 3371 1386 3467 postulabam
1397 3366 1437 3429 14

191 3477 229 3536 ut
249 3472 354 3536 tribus
375 3473 545 3536 sententiis
566 3475 728 3537 constaret
749 3495 824 3538 suus
851 3495 1001 3537 numerus
1029 3495 1090 3537 nec
1111 3495 1145 3537 se
1166 3473 1315 3536 brevibus
1338 3473 1385 3535 in-

192 3572 290 3637 dutiis
314 3574 394 3638 duae
416 3576 598 3658 iungerent.
633 3574 800 3658 exigebam
823 3596 899 3659 ergo
927 3578 964 3638 ut
994 3575 1049 3658 qui
1072 3575 1202 3658 capitali
1230 3573 1385 3657 supplicio

192 3674 388 3740 adliciendos
409 3676 568 3760 putabant
590 3677 789 3741 discederent
807 3699 826 3740 a
848 3676 1014 3760 relegante
1042 3698 1102 3740 nec
1123 3676 1252 3740 interim
1275 3678 1386 3738 contra

263 3917 402 3967 ridemur
453 3919 659 3967 beonserethi
712 3918 743 3966 10
761 3914 825 3982 quo]
846 3917 915 3981 quod
934 3931 951 3964 a
1004 3920 1176 3967 flexercere
1196 3917 1265 3982 quod
1284 3918 1384 3965 scimus

191 3986 418 4050 Reifferscheidiur
430 4002 491 4035 mus.
504 3986 574 4034 adea.
589 3988 680 4034 nouus.
699 4001 721 4036 u.
736 3985 793 4033 XV
802 3986 838 4046 (a.
854 3987 930 4044 1860)
940 4002 967 4048 p.
988 3989 1041 4035 636
1052 4001 1197 4035 excercere
1209 3985 1279 4048 quod
1292 4000 1385 4032 sunaus

191 4056 243 4102 Ha
312 4051 377 4117 quo]
396 4053 467 4116 quod
485 4067 501 4099 a
570 4050 666 4116 errori]
689 4052 787 4100 erroris
805 4067 852 4100 a·
892 4056 923 4103 12
942 4053 1071 4103 medianis
1089 4054 1128 4099 hir
1180 4054 1225 4101 cni
1248 4052 1386 4116 superfuit

191 4137 209 4171 a
281 4119 428 4186 lecuras]
450 4136 516 4170 cura
535 4121 562 4166 Μ
650 4121 681 4168 14
701 4120 834 4182 adque!
913 4123 944 4171 19
963 4137 999 4170 an
1017 4117 1160 4186 didiceris]
1180 4118 1340 4169 adridiceris
1358 4120 1385 4172 ,Μ

192 4188 360 4239 addidiceris
379 4189 548 4239 Momnueuus
635 4187 818 4236 Referebatur
834 4213 868 4223 -
885 4191 944 4251 222,
963 4190 979 4239 8
998 4190 1170 4238 censentium
1187 4188 1309 4236 Budaeus
1327 4191 1343 4238 l.
1362 4204 1384 4235 c.

246 4252 293 4322 de]
315 4257 342 4305 di
360 4258 388 4304 Η
444 4256 554 4305 Afranii
571 4270 588 4303 a
639 4257 671 4304 21
690 4254 770 4318 alius,
790 4255 871 4319 quisi
890 4256 996 4320 inquis:
1015 4272 1065 4320 ego
1085 4256 1185 4306 Cordus
1203 4255 1276 4305 alius
1294 4255 1384 4318 inquis

191 4340 246 4389 ego
264 4327 292 4373 Π
308 4324 382 4374 alius
400 4325 461 4388 quis
481 4339 533 4389 ego
551 4338 568 4371 a
586 4322 686 4386 aliquis
705 4337 756 4386 ego
775 4322 896 4374 Budaeus
964 4325 996 4374 25
1016 4329 1044 4372 et
1061 4323 1187 4389 relegare
1206 4327 1234 4372 et
1251 4338 1306 4372 non
1324 4338 1341 4371 a

191 4392 316 4456 religare
333 4393 361 4440 Π
428 4393 461 4441 26
479 4391 597 4455 religare
616 4392 643 4437 Μ
712 4389 885 4456 quamquam]
905 4406 987 4455 quam
1005 4392 1033 4438 Η
1112 4394 1145 4442 27
1163 4391 1303 4441 sententia
1321 4389 1386 4440 reli·

192 4462 271 4527 gatis
289 4461 317 4507 Η
391 4474 462 4523 quae
481 4456 632 4508 absoluerit
649 4473 665 4506 a
684 4473 754 4522 quae
773 4459 857 4508 soluit
875 4458 997 4509 Budaeus
1082 4461 1115 4509 28
1134 4459 1245 4523 reliquit
1265 4459 1386 4509 Budaeus

204 4572 207 4579 .
263 4530 296 4578 29
314 4526 474 4592 religabunt
492 4529 520 4575 Π
587 4528 620 4576 32
639 4522 717 4592 ergo]
738 4541 789 4591 ego
807 4528 835 4574 Η
