3024 5062
193 265 256 332 358
714 277 744 327 c.
768 279 863 326 cmm

192 455 346 519 magnum
368 433 487 498 reicere
509 433 628 518 aliquid
651 437 684 498 et
705 436 872 517 amputare
895 454 933 497 ex
961 433 1001 498 iis
1029 455 1110 518 quae
1131 433 1283 517 princeps
1305 435 1388 497 tam·

192 558 288 621 quam
309 535 489 600 necessaria
511 535 650 620 reliquit.
680 538 846 619 praeterea
860 537 953 619 pater
974 538 1048 600 tuus
1068 535 1178 600 usibus
1194 534 1260 599 suis
1283 534 1388 599 detra-

191 637 291 703 hebat
311 656 391 722 quae
413 638 542 702 fortuna
557 637 684 721 imperii
705 637 851 721 dederat,
875 640 912 700 tu
933 637 998 702 tuis
1015 659 1096 722 quae
1110 641 1212 722 pater.
1243 640 1278 701 at
1293 657 1390 721 quam

193 739 384 825 magnificus
405 739 440 804 in
462 738 625 824 publicum
647 739 697 803 esi
725 738 802 803 hinc
823 739 982 824 porticus,
1011 740 1087 804 inde
1109 738 1241 804 delubra
1264 738 1390 804 occulta

193 840 354 908 celeritate
376 843 599 926 properantur,
622 843 658 904 ut
679 862 746 904 non
762 843 993 925 consummata,
1016 841 1072 906 sed
1094 845 1227 907 tantum
1251 863 1415 906 commu-s

192 947 263 1010 tata
283 943 462 1009 videantur.
499 943 577 1008 hinc
598 943 790 1008 immensum
816 942 902 1008 latus
932 943 1009 1008 circi
1036 943 1228 1028 templorum
1250 943 1390 1028 pulchri-

193 1046 338 1111 tudinem
359 1047 528 1130 provocat,
552 1044 651 1130 digna
673 1045 791 1129 populo
806 1045 926 1110 victore
942 1046 1088 1131 gentium
1102 1045 1193 1110 sedes
1208 1067 1268 1111 nec
1283 1047 1390 1110 minus

194 1149 265 1232 ipsa
279 1147 422 1229 visenda,
445 1168 539 1230 quam
556 1168 636 1230 quae
651 1168 690 1210 ex
705 1146 762 1210 illa
777 1147 1025 1230 spectabuntur:
1047 1147 1180 1212 visenda
1195 1151 1303 1212 autem
1319 1169 1390 1212 cum

196 1253 302 1315 cetera
324 1248 444 1334 specie,
466 1251 535 1312 tum
557 1247 641 1332 quod
664 1250 817 1332 aequatus
845 1248 948 1332 plebis
971 1271 1009 1313 ac
1030 1248 1187 1334 principis
1214 1249 1322 1333 locus3
1351 1249 1390 1313 si-

196 1352 322 1437 quidem
344 1372 516 1435 peremne
538 1349 678 1434 spatium
700 1371 766 1414 una
786 1349 903 1434 facies,
928 1350 1036 1416 omnia
1057 1351 1210 1416 continua
1232 1354 1266 1416 et
1288 1350 1388 1437 paria,
1403 1375 1428 1414 ιο

196 1476 257 1519 nec
284 1452 388 1539 magis
416 1452 563 1537 proprius
591 1452 751 1536 spectanti
779 1451 908 1518 Caesari
936 1457 1107 1539 suggestus
1137 1475 1232 1538 quam
1259 1452 1391 1539 propria

198 1578 278 1641 quae
300 1556 433 1639 spectet.
471 1553 581 1618 licebit
603 1575 679 1638 ergo
702 1553 824 1619 civibus
846 1555 910 1619 tuis
932 1558 965 1620 te
987 1555 1125 1621 invicem
1149 1556 1310 1622 contueri:
1338 1555 1388 1621 da·

198 1658 285 1722 bitur
306 1678 372 1721 non
395 1655 574 1721 cubiculum
596 1655 768 1741 principis,
796 1656 852 1720 sed
873 1658 980 1741 ipsum
1001 1658 1180 1744 principem
1203 1679 1335 1723 cernere
1356 1657 1391 1726 in

197 1759 336 1844 publice,
360 1759 395 1823 in
409 1758 527 1843 populo
549 1757 731 1841 sedentem,
761 1758 895 1843 populo,
926 1758 977 1824 oui
1003 1759 1145 1825 locorum
1172 1760 1313 1844 quinque
1334 1760 1391 1824 mi-

197 1861 242 1926 lia
270 1860 424 1925 adiecisti.
471 1881 605 1924 auxeras
633 1859 719 1924 enim
749 1881 918 1924 numerum
945 1860 1012 1926 eius
1045 1862 1201 1947 congiarii
1233 1861 1393 1928 facilitate
1407 1886 1431 1927 ιι

198 1964 411 2047 maioremque
433 1963 648 2046 inposterum
670 1962 789 2047 suscipi
811 1962 1014 2028 liberalitatis
1035 1966 1110 2028 tuae
1132 1963 1195 2028 fide
1216 1964 1365 2030 iusseras.

84 2100 94 2147 ζ
152 2068 195 2135 52
281 2065 404 2129 Ηοιιιιιι
425 2083 525 2128 ιιιιιιιιι
547 2064 575 2128 si
596 2064 809 2148 praestitisset
831 2064 928 2150 alius,
951 2065 1017 2130 iam
1037 2066 1155 2130 dudum
1169 2065 1218 2131 illi
1231 2067 1394 2133 radiatum

200 2170 351 2252 caputet
377 2166 482 2231 media
504 2166 590 2231 inter
612 2167 686 2231 deos
709 2166 798 2231 sedes
821 2189 899 2232 auro
921 2170 1022 2233 staret
1049 2171 1106 2233 aut
1133 2169 1228 2233 ebore
1251 2171 1394 2255 augusti-

199 2270 368 2354 oribusque
391 2268 454 2335 aris
477 2272 510 2333 et
531 2267 757 2353 grandioribus
786 2269 924 2334 victimis
952 2270 1163 2335 invocaretur.
1201 2274 1238 2335 tu
1260 2272 1394 2337 delubra

199 2394 265 2436 non
287 2371 351 2436 nisi
379 2370 566 2436 adoraturus
594 2370 716 2454 intras,
746 2370 820 2435 ribi·
835 2371 992 2436 maximus
1019 2371 1122 2437 honor
1149 2373 1308 2439 excubare
1336 2396 1431 2459 proso

198 2473 327 2558 templis
354 2473 562 2558 postibusque
588 2472 743 2557 praetexi.
787 2476 832 2538 sio
858 2473 896 2538 fit
922 2477 960 2539 ut
988 2473 1020 2538 di
1043 2480 1096 2539 tibi
1121 2496 1281 2540 summum
1309 2477 1394 2541 inter

199 2576 344 2640 homines
364 2575 532 2661 fastigium
553 2578 696 2659 servent,
727 2596 799 2639 cum
820 2575 951 2640 deorum
972 2575 1041 2660 ipse
1063 2598 1130 2641 non
1152 2581 1298 2662 appetas.
1336 2579 1395 2644 ita

199 2699 260 2767 que
282 2680 372 2742 tuam
394 2679 534 2743 statuam
554 2677 591 2741 in
616 2675 774 2741 vestibulo
795 2675 880 2742 Iovis
908 2677 1021 2763 optimi
1042 2678 1175 2743 maximi
1195 2701 1295 2744 unam
1317 2680 1394 2746 alte·

199 2802 307 2844 ramve
330 2782 363 2844 et
384 2780 468 2844 hanc
490 2800 615 2844 aeream
644 2779 815 2844 cernimur.
852 2782 887 2844 at
912 2779 1010 2865 paulo
1036 2783 1113 2846 ante
1140 2781 1248 2846 aditus
1270 2804 1393 2868 omnes,

199 2904 310 2947 omnes
332 2882 451 2967 gradus
477 2884 607 2967 totaque
635 2903 709 2946 area
734 2881 811 2945 hino
839 2903 931 2967 auro,
959 2881 1037 2948 hinc
1041 2886 1202 2995 argento
1229 2885 1429 2951 relucebat

200 3005 257 3050 seu
277 2984 384 3068 potius
411 2984 630 3068 polluebatur,
660 3005 732 3049 oum
759 2984 876 3049 incesti
903 2958 1060 3070 principis
1088 2986 1204 3052 statuis
1231 2987 1393 3071 permixta

200 3192 400 3206 Ἤ·-

269 3332 282 3379 1
302 3329 390 3395 magis
407 3329 522 3379 reiicere
540 3339 557 3383 ς
574 3327 663 3379 mauis
680 3327 798 3378 reiicere
816 3327 976 3392 Bonqarriua
993 3331 1065 3410 apud
1082 3329 1234 3382 &crociam
1251 3331 1306 3386 aba
1325 3331 1392 3382 1111

199 3400 233 3447 16
250 3398 338 3449 mauis
356 3396 476 3449 recidere
495 3397 669 3449 Gronoviual.
688 3411 711 3446 e.
729 3395 816 3446 mauis
832 3411 959 3462 magnum
982 3398 1097 3448 relicere
1115 3397 1276 3450 Selwarzius
1352 3396 1390 3464 et]

201 3466 281 3516 autA
332 3480 365 3517 ex
378 3466 530 3516 nsbcdex
542 3464 644 3527 1ιιεΔβ
691 3465 1025 3527 tanquamBaedtamA
1070 3466 1272 3531 areliquitom.
1285 3468 1317 3533 Δ,
1330 3469 1391 3520 add.

200 3549 218 3583 a
269 3536 327 3585 3tu
345 3534 401 3584 tuis
413 3549 484 3599 quae
503 3533 641 3599 paterii
658 3505 1391 3600 tutiusquepaterBtutiushocpaterctutiusquod

200 3606 282 3669 pater
299 3602 452 3664 Ortonam,
470 3603 537 3651 ande
554 3605 586 3651 tu
608 3601 663 3651 tuis
681 3601 753 3666 quod
771 3606 852 3664 pater
868 3602 998 3653 Livineius
1049 3616 1191 3668 quamam.
1208 3605 1240 3666 A,
1260 3605 1320 3654 add.
1339 3603 1392 3653 Δίι

1058 3671 1137 3720 sedes
1149 3672 1190 3720 Aa
1209 3671 1285 3722 sedis
1302 3672 1344 3721 Bd

200 3753 253 3790 nse
265 3739 355 3790 minus
367 3739 427 3804 ipra
438 3737 501 3789 lod
517 3752 570 3789 nec
586 3736 638 3788 illa
654 3738 677 3786 Α
695 3753 746 3790 nec
762 3741 852 3788 minus
875 3736 923 3788 ille
935 3752 952 3786 a
1004 3739 1034 3788 11
1053 3739 1166 3804 propius
1184 3740 1201 3788 b
1254 3739 1391 3805 spectanti

201 3807 316 3857 Caesari
329 3807 456 3858 (iremus
473 3805 615 3870 spectandi
632 3807 756 3858 caesaris
766 3805 834 3856 nuc
845 3805 991 3871 spectandi
1003 3805 1062 3870 (om.
1077 3802 1199 3872 caesari)
1212 3807 1229 3855 d
1247 3807 1391 3873 spectandi

201 3875 367 3926 CaesariG.
385 3875 422 3925 H.
441 3873 597 3938 Scbceferua
674 3878 705 3926 12
723 3874 819 3926 licebit
836 3888 901 3940 ergo
919 3879 945 3924 te
964 3873 1002 3939 (te
1019 3890 1068 3925 om.
1086 3881 1150 3930 set
1167 3873 1194 3956 ιι)
1213 3875 1322 3926 ciuibus
1339 3876 1390 3926 tuis

200 3944 321 3993 inuicem
339 3943 463 3994 contueri
481 3942 631 4004 (contineri
648 3943 673 4008 d)
692 3944 784 3998 aare
806 3942 903 3992 licebit
926 3943 1033 3993 ciuibus
1056 3942 1136 3993 tuis
1128 3943 1250 3993 inuicem
1270 3944 1390 3995 contueri

201 4026 231 4064 c.
241 4027 275 4060 an
292 4011 386 4061 licebit
404 4026 468 4076 ergo
487 4009 538 4060 tibi
556 4011 631 4060 cives
649 4017 725 4075 tuos,
744 4017 772 4062 te
792 4010 899 4062 civibus
917 4011 971 4062 tuis
993 4012 1111 4061 invicem
1130 4013 1276 4062 contueri?
1361 4014 1390 4062 13

201 4080 230 4129 in
247 4078 359 4143 publico
377 4081 458 4130 omb
512 4080 543 4128 14
562 4080 764 4146 quinquaginta
781 4079 858 4128 milia
876 4080 980 4144 Lipsiae
1033 4081 1064 4130 16
1082 4080 1302 4144 imposterumA
1342 4079 1389 4130 fide

200 4163 247 4198 om.
265 4149 282 4197 b
352 4149 383 4198 17
401 4147 516 4197 illitam
536 4145 699 4206 dudum135
780 4151 812 4199 18
831 4147 1127 4212 angustioribusquell
1199 4149 1230 4199 19
1250 4149 1390 4199 inuocaret

200 4216 220 4265 B
289 4217 320 4264 21
339 4217 447 4282 protexi
464 4215 507 4264 Ab
525 4215 618 4280 petexi
636 4216 650 4278 β
668 4218 775 4282 protexi
793 4217 809 4264 d
826 4216 936 4281 protegi
954 4230 968 4264 c
1053 4220 1084 4265 nt
1105 4215 1150 4267 dei
1167 4231 1301 4267 summum
1323 4219 1391 4267 inter

200 4283 326 4335 homines
345 4283 489 4348 fastigium
507 4287 621 4333 seruent
637 4285 725 4335 Anao
748 4290 778 4334 ut
801 4284 844 4333 dei
867 4299 998 4333 summum
1017 4285 1091 4333 inter
1107 4284 1232 4334 homines
1252 4286 1391 4350 fastigium

200 4366 295 4402 serues
312 4358 446 4404 corrector
463 4354 558 4403 codicis
576 4352 778 4404 Mediolanenses
796 4359 820 4402 et
838 4353 942 4416 lipsius
960 4360 986 4402 ec
1002 4355 1093 4403 omisso
1110 4369 1132 4403 v.
1151 4350 1197 4403 dei
1216 4353 1345 4419 Gieripicr

201 4421 234 4470 22
252 4434 305 4469 non
329 4424 446 4487 appetas
468 4422 598 4471 Livineius
621 4438 675 4472 non
698 4422 814 4485 adeptus
836 4422 899 4475 Bes
925 4438 979 4472 non
1002 4421 1041 4470 sis
1065 4419 1182 4485 adeptus
1204 4421 1252 4470 Δᾱ
1277 4422 1390 4473 noudum

202 4487 318 4607 adeptus
340 4491 397 4540 cod.
421 4489 529 4540 Medici.
558 4503 612 4539 non
635 4489 749 4556 adoptas
771 4491 876 4554 Lipsius
1012 4491 1045 4539 24
1072 4488 1164 4539 aditus
1191 4490 1282 4541 omnis
1309 4490 1391 4541 omnis

95 4592 100 4605 ι
200 4573 251 4626 gra
270 4560 340 4608 usd
