3024 5062
703 277 734 324 Ο.
758 278 855 325 PLINI

743 514 818 580 XII.

533 635 563 691 c,
582 636 729 687 rnrurus
752 636 896 690 Mmrcro
916 638 984 690 suo
1003 636 1030 691 s,

158 753 172 812 1
269 754 427 818 Libellum
448 752 655 816 formatuma
677 773 745 837 me,
770 754 853 817 sicut
875 774 1044 838 exegeras,
1068 775 1131 839 quo
1153 755 1275 820 amicus
1297 759 1381 840 tuus,

184 858 280 919 immo
303 858 412 919 noster
436 853 525 939 (quid
547 854 633 918 enirn
655 875 722 918 non
746 876 911 919 commune
933 856 1075 942 nobis?)‚
1100 857 1127 921 si
1149 879 1199 922 res
1221 863 1379 942 posceret,

184 960 341 1040 uteretur,
364 957 435 1021 misi
459 956 520 1020 tibi
541 956 612 1019 ideo
633 957 772 1041 tardius,
800 978 842 1021 ne
864 959 990 1040 tempus
1013 960 1204 1023 emendandi
1228 981 1317 1044 eum,
1347 959 1380 1023 id
1393 979 1415 1018 a.

155 1056 234 1123 2est
257 1057 475 1143 disperdendi,
500 1056 643 1122 haberes.
672 1056 806 1123 habebis
828 1061 955 1143 tamen,
979 1081 1019 1122 an
1045 1061 1237 1126 emendandi
1258 1062 1378 1146 nescis,
1443 1083 1445 1086 ’

184 1163 293 1245 utique
316 1158 529 1243 disperdendi.
562 1160 651 1239 ὑμεῖς
673 1161 735 1240 γὰρ
759 1161 790 1226 οἱ
817 1161 945 1241 carator
967 1162 1089 1244 optima
1110 1183 1253 1247 quaeque
1276 1164 1379 1228 detra·

154 1261 270 1327 3hitis.
301 1262 383 1346 quod
406 1260 433 1324 si
447 1261 577 1344 feceris,
599 1260 676 1324 boni
694 1262 869 1327 consulam.
900 1264 1012 1346 postea
1027 1264 1114 1328 enim
1135 1264 1200 1330 illis
1216 1287 1255 1330 ex
1271 1266 1379 1350 aliqua

184 1366 350 1430 occasione
372 1366 408 1426 ut
429 1363 508 1426 meis
524 1365 597 1426 utar
623 1365 655 1426 et
669 1363 825 1428 beneficio
846 1365 970 1428 fastidii
991 1365 1040 1428 tui
1062 1366 1131 1449 ipse
1152 1366 1320 1452 laudabor,
1344 1372 1380 1433 ut

183 1469 218 1531 in
249 1465 392 1551 eoquod
415 1464 602 1529 adnotatum
630 1465 775 1529 invenies
798 1468 831 1530 et
852 1466 1068 1550 superscripto
1094 1468 1157 1531 alio
1180 1470 1377 1554 explicitum.
1392 1490 1413 1528 ιο

153 1566 258 1633 4na1n
274 1590 345 1633 cum
367 1567 546 1650 suspicarer
567 1567 711 1631 futurum
726 1571 763 1633 ut
776 1568 836 1632 tibi
859 1568 1012 1632 tumidius
1026 1569 1188 1634 videretur
1194 1621 1203 1655 ‚
1227 1573 1377 1656 quoniam

184 1675 232 1735 est
247 1669 413 1735 sonantius
429 1671 462 1732 et
477 1669 608 1752 elatius,
635 1691 702 1733 non
718 1670 858 1734 alienum
873 1670 1062 1754 existimavi,
1084 1694 1126 1736 ne
1147 1675 1180 1737 te
1202 1676 1376 1758 torqueres,

183 1773 299 1837 addere
321 1771 431 1835 statim
453 1771 593 1853 pressius
614 1771 764 1854 quiddam
787 1776 819 1836 et
840 1771 954 1836 exilius
971 1771 1020 1836 vel
1041 1772 1148 1856 potius
1170 1773 1325 1840 humilius
1347 1779 1378 1839 et

154 1874 291 1958 5peius,
312 1875 418 1937 restro
441 1875 551 1935 tamen
572 1872 689 1937 iudicio
714 1873 843 1938 rectius.
875 1895 930 1938 cur
952 1874 1038 1938 enim
1060 1896 1125 1939 non
1153 1897 1377 1961 usquequaque

182 1975 375 2040 tenuitatem
396 1977 536 2038 vestram
557 1974 708 2058 insequar
731 1978 764 2039 et
785 1975 971 2060 exagitem?
999 1974 1094 2060 hacc,
1122 1980 1159 2041 ut
1185 1977 1272 2042 inter
1299 1979 1409 2043 istasrs

153 2078 407 2162 doceupationcs
430 2076 550 2160 aliquid
573 2077 744 2161 aliquando
766 2077 900 2161 rideres3
922 2076 1002 2141 illud
1024 2078 1122 2163 serie,
1144 2078 1218 2144 ride
1239 2082 1278 2143 ut
1297 2078 1376 2144 mihi

183 2180 334 2244 viaticum
362 2178 491 2263 reddas,
522 2179 604 2263 quod
633 2180 765 2263 inpendi
793 2181 868 2244 data
891 2200 989 2263 opera
1012 2200 1139 2245 cursore
1162 2180 1306 2247 dimisso.
1336 2205 1376 2248 ne

184 2287 220 2346 tu
227 2334 236 2367 ,
260 2304 332 2347 cum
354 2280 413 2345 hoe
435 2283 568 2366 legeris,
596 2302 662 2346 non
683 2285 792 2366 partes
814 2280 931 2366 libelli,
959 2281 1016 2346 sed
1036 2284 1141 2346 totum
1162 2283 1309 2348 libellum
1329 2284 1375 2349 in·

183 2384 333 2468 probabis
361 2384 559 2468 negabisque
587 2383 682 2448 ullius
709 2383 805 2466 pretii
834 2404 917 2468 esse,
952 2383 1042 2448 cuius
1068 2383 1208 2469 pretium
1234 2406 1374 2470 reposee-

182 2489 236 2552 ris.
267 2485 348 2551 vale.
1095 2487 1100 2495 ’
1384 2511 1405 2550 ao

735 2570 826 2638 ΧΠΙ.

539 2694 570 2748 c.
590 2692 737 2745 surmus
756 2693 893 2744 rancor
911 2693 981 2746 suo
1000 2692 1028 2748 s.

156 2799 170 2858 1
266 2794 389 2860 Eadem
411 2794 547 2877 epistula
570 2796 603 2857 et
623 2815 689 2857 non
711 2793 838 2857 studere
859 2795 892 2857 tc
912 2795 947 2857 et
968 2794 1096 2858 studere
1120 2793 1296 2879 significat.
1327 2815 1373 2858 ae

183 2899 329 2982 nigmata
350 2895 470 2980 loquor.
500 2897 547 2960 ita
569 2896 681 2980 plane,
710 2895 812 2960 donec
834 2895 1016 2961 distinctius
1038 2896 1121 2981 quod
1149 2895 1256 2963 sentio
1278 2917 1372 2961 enun-

253 3053 307 3104 xn
324 3055 339 3103 2
357 3051 504 3104 nrurcro
522 3055 550 3100 r
567 3050 711 3102 nmu'ro
729 3054 751 3100 a
769 3051 887 3102 Minuuo
905 3026 963 3115 pia
1064 3057 1080 3104 a
1100 3016 1181 3104 Siout
1200 3068 1332 3120 erogem
1348 3055 1372 3103 r

183 3124 256 3172 sicut
275 3136 373 3186 egeras
391 3123 434 3183 Dp
502 3123 590 3171 4non
608 3122 680 3170 enim
698 3132 733 3174 τς
802 3135 934 3170 conmune
953 3121 980 3169 Ι
1056 3121 1079 3170 si
1096 3128 1257 3187 reposceret
1275 3136 1293 3172 s
1357 3122 1372 3172 ὑ

183 3186 259 3258 misi]
280 3190 334 3239 nisi
351 3190 374 3238 -n
459 3204 494 3239 ne
513 3193 621 3255 tempus
645 3187 810 3238 emendandi
827 3203 889 3238 eum
907 3190 1002 3238 nescio
1020 3178 1113 3254 utiqda
1132 3190 1311 3255 disperdendi
1327 3190 1371 3240 ha·

182 3259 263 3309 heres
294 3274 308 3308 o
330 3259 399 3307 tima
425 3272 549 3322 quaeque
578 3256 726 3307 detrahitis
753 3259 843 3306 laeuus
868 3263 927 3321 post
949 3256 1067 3307 haberes
1088 3261 1210 3308 relictar
1315 3273 1371 3308 eum

183 3326 267 3392 (aium
286 3274 328 3390 ¹5
344 3325 372 3375 id
390 3330 433 3375 est
451 3325 627 3392 disperdendi
643 3327 713 3379 Ηςα
730 3326 826 3374 nescio
839 3325 932 3388 utique
945 3323 1124 3389 disperdendi
1135 3327 1178 3388 Dp
1237 3328 1253 3378 7
1271 3327 1371 3392 disper·

184 3394 267 3445 dendi
285 3393 453 3459 (disperandi
469 3393 503 3458 1))
522 3392 600 3456 ὑμεῖς
617 3391 671 3457 γὰρ
690 3390 753 3456 (γὰρ
770 3409 818 3444 om.
836 3393 863 3455 a)
886 3389 913 3443 ot
935 3391 1046 3457 εῠζηλοι
1063 3395 1168 3458 optIma
1187 3409 1314 3460 quaeque
1330 3393 1371 3445 de·

183 3463 294 3513 trahitis
312 3465 378 3518 Βςο,
396 3470 420 3512 et
436 3465 539 3527 praecis
556 3465 583 3511 ia
605 3464 696 3511 lacuna
715 3463 845 3521 onrissisp
868 3459 1047 3526 disperdendi
1070 3463 1093 3512 si
1117 3463 1222 3527 optima
1245 3477 1369 3528 quaeque

183 3531 337 3582 detraxeris
354 3533 382 3578 II
400 3529 575 3594 disperdendi
594 3529 682 3591 (ὑμεῖς
699 3527 753 3592 γὰρ
771 3525 947 3594 sauclatur),
971 3531 1073 3594 opums
1097 3544 1223 3594 quaeque
1242 3531 1267 3580 si
1285 3530 1370 3582 detra·

182 3600 256 3650 xeris
274 3602 347 3662 culpo
366 3615 401 3648 esc
420 3599 544 3648 Caturraer'
561 3600 672 3649 editione
690 3599 802 3647 secanda
888 3599 903 3647 9
926 3597 1022 3647 fastidi
1040 3600 1068 3645 st
1153 3602 1184 3647 nt
1202 3599 1232 3647 in
1250 3615 1285 3650 eo
1303 3596 1371 3663 quod

183 3668 342 3718 adnotatum
361 3667 487 3716 inuenies
504 3668 554 3715 lta
576 3667 653 3714 utin
678 3681 710 3714 eo
728 3680 835 3729 quoque
855 3664 1016 3715 adnotatum
1035 3666 1160 3716 inuenies
1179 3667 1221 3727 Bp
1244 3670 1277 3717 ut
1294 3667 1323 3716 iu
1340 3680 1369 3715 eo

182 3735 254 3801 quod
282 3733 468 3785 annotandum
497 3738 658 3783 annotatum
686 3732 839 3794 (anetarum
865 3734 928 3784 dno
944 3733 983 3782 trin
1004 3731 1028 3796 r)
1056 3749 1162 3798 quoque
1184 3733 1313 3786 inuenies
1337 3744 1370 3788 15

181 3802 393 3867 unumquodque
412 3807 573 3852 annotatum
591 3801 718 3852 inuenies
735 3801 763 3850 Ι.
781 3801 811 3849 F.
832 3801 971 3852 &cnonas
989 3807 1019 3851 tu
1037 3817 1105 3864 meo,
1125 3801 1197 3866 quod
1210 3802 1369 3854 adnotatum

182 3872 310 3922 inuenies
328 3871 453 3921 Bartlrius
474 3907 480 3920 .
500 3872 615 3934 fortasse
633 3870 729 3934 utique
750 3870 779 3917 in
803 3885 835 3918 eo
854 3869 926 3932 quod
945 3869 1106 3920 adnotatum
1124 3871 1254 3920 inuenies
1288 3890 1293 3895 ·
1340 3871 1369 3919 10

180 3938 368 4005 suprascripto
387 3935 615 4004 (suprascriptum
632 3938 659 4001 p)
688 3937 770 3987 aliter
789 3936 945 4001 expliciInm
963 3939 1057 4000 KDpr
1080 3938 1271 4003 suprascripto
1291 3938 1369 3988 aliter

181 4007 332 4073 explicetur
349 4022 366 4055 a
383 4007 571 4072 suprascripto
591 4005 646 4057 alio
664 4010 740 4055 recte
759 4005 921 4070 explicitum
938 4006 1063 4056 Barldr'us
1160 4008 1190 4055 11
1210 4005 1332 4056 timidIus
1348 4006 1368 4052 11

248 4071 389 4141 quoniam]
410 4074 479 4140 quod
496 4074 641 4125 &aracaeus
710 4076 741 4123 12
759 4074 940 4138 torqueris!
1017 4075 1049 4124 13
1068 4073 1220 4136 adderesp
1289 4072 1369 4138 quod·

180 4144 243 4193 dam
260 4146 282 4192 11
387 4144 418 4192 14
435 4148 529 4193 uestro
548 4147 639 4193 tamen
657 4143 684 4191 1
702 4142 847 4192 Beroaldus
864 4157 881 4190 a
898 4141 944 4191 nel
962 4147 1056 4191 tamen
1074 4143 1096 4189 n
1114 4156 1164 4192 uos
1183 4146 1280 4192 tamen
1296 4157 1313 4204 p
1329 4140 1368 4190 uel

181 4217 259 4262 tuor
337 4213 368 4261 15
386 4214 548 4261 nostramD
612 4211 761 4275 insequar
781 4215 809 4259 et
827 4208 867 4272 (et
885 4226 931 4262 om.
949 4209 1003 4272 Dp)
1023 4211 1163 4275 exagitem
1179 4208 1252 4260 haec
1270 4214 1303 4260 ut
1318 4210 1367 4258 la

179 4295 217 4342 pa
233 4280 363 4344 insequar
381 4278 573 4344 exagitemque
591 4283 621 4327 ut
638 4291 674 4333 ις
770 4279 802 4326 16
820 4277 900 4327 uideo
918 4280 949 4326 ut
965 4280 1008 4340 Dp
1122 4279 1154 4329 17
1172 4277 1290 4343 inpendi
1306 4277 1367 4327 data

180 4364 265 4413 opera
282 4347 496 4412 Esaimpendi
514 4346 659 4410 (impendit
675 4344 702 4411 p)
723 4361 832 4410 operam
851 4348 914 4408 Dpr
974 4347 1006 4394 18
1023 4345 1075 4396 hoc
1095 4346 1195 4395 cumD
1265 4345 1366 4412 legeres

180 4430 196 4463 a
263 4417 432 4480 improbares
450 4429 624 4480 negarssque
642 4429 660 4462 a
728 4416 760 4464 19
777 4428 936 4479 reposceres
954 4428 971 4462 a

247 4484 317 4533 XIII
343 4486 376 4535 23
403 4488 431 4534 et
452 4500 507 4533 non
525 4482 634 4534 studere
658 4486 685 4532 te
706 4481 742 4546 (te
759 4497 806 4534 om.
824 4481 851 4544 p)
872 4486 899 4531 et
917 4481 1027 4534 studere
1044 4482 1111 4543 ler
1129 4485 1203 4532 otte
1223 4479 1264 4549 (ts
1282 4497 1328 4534 ora.
1340 4480 1364 4547 a)

179 4551 288 4603 studere
306 4555 334 4601 et
352 4567 407 4603 non
425 4553 534 4603 studere
552 4553 596 4602 Da
665 4549 823 4618 significata
842 4565 858 4599 a
926 4550 1116 4614 asplenos!
