3024 5062
600 279 810 329 PRAEFATIO.
1213 279 1303 329 xxxi

108 432 184 497 libri
207 454 303 518 quam
325 432 418 517 editi,
439 433 541 496 multa
556 435 666 498 tamen
687 432 723 496 in
737 430 792 496 illo
813 452 937 516 quoque
951 430 1065 496 vitiose
1080 431 1201 516 scripta
1214 434 1301 510 6661,

108 556 192 619 quse
214 557 231 600 e
254 556 311 600 suo
333 535 441 600 codice
464 535 633 600 emendata
651 532 806 598 'exhibuit
827 532 945 615 Aldus,
973 532 1008 596 in
1035 532 1147 617 primis
1168 533 1303 598 lacunae

109 639 197 701 recte
221 637 378 722 expletae,
401 659 433 721 p.
457 637 530 719 210,
556 639 589 720 13
612 635 664 700 26.
688 635 761 717 216,
785 635 815 698 9.
844 634 918 713 222,
940 634 992 698 26.
1008 634 1082 718 224,
1105 634 1157 699 24.
1181 634 1254 719 229,
1271 635 1302 700 8.

108 739 183 822 231,
211 739 266 804 15:
288 742 455 824 praeterea
478 738 542 803 6116
564 740 597 802 61
618 736 735 801 diversi
761 736 891 822 generis
919 735 1013 819 vitia,
1041 735 1213 820 inquibus
1234 758 1302 801 non

109 841 217 905 minus
241 843 329 905 certa
351 844 400 905 est
422 840 560 905 Aldinae
589 838 738 904 editionis
766 838 877 922 lectio,
910 861 943 922 p.
966 837 1038 921 211,
1064 838 1103 903 16
1135 849 1197 903 tam
1224 844 1300 917 lata,

110 963 190 1022 quae
211 948 342 1022 denique
363 954 425 1008 tam
441 950 565 1022 poetica
587 964 608 1006 a
635 952 699 1006 tum
725 947 792 1004 laia
815 941 892 1024 (late
912 939 961 1024 Μ)
991 945 1121 1020 denique
1149 951 1211 1004 iam
1232 960 1302 1020 poe·

109 1051 173 1109 tica
188 1053 261 1109 Mr:
284 1045 357 1128 220,
378 1046 499 1109 136161
521 1055 619 1108 autem
633 1065 654 1107 a
668 1052 738 1106 erat
757 1052 830 1106 anie
850 1051 899 1106 M:
922 1041 966 1105 ib.
988 1041 1031 1106 28
1045 1052 1184 1122 suspecta
1206 1048 1305 1106 uirtus

110 1154 278 1227 simperto
293 1153 391 1211 uirtus
401 1155 452 1211 M:
474 1146 547 1228 222,
563 1146 605 1210 32
620 1165 690 1210 mum
705 1165 778 1222 erpo
793 1149 915 1209 dubium
930 1154 973 1209 est
985 1167 1005 1209 6
1019 1165 1091 1210 uum
1106 1165 1179 1223 erpo
1194 1149 1305 1209 durum

110 1258 214 1331 estu:
236 1249 300 1313 223
320 1270 381 1328 qua
396 1270 469 1327 erpo
485 1254 604 1311 ratione
618 1257 721 1327 potest
735 1268 755 1310 6
769 1266 848 1325 quae
869 1252 988 1311 ratione
1003 1255 1107 1326 potest
1119 1255 1170 1310 M:
1192 1244 1266 1328 225,
1285 1245 1305 1309 5

112 1354 350 1415 Aniosanteni:
366 1349 438 1431 229,
445 1349 487 1415 28
498 1355 579 1414 seria
591 1354 731 1414 iucundis
744 1351 928 1424 anteferrem
937 1370 958 1412 a
972 1354 1053 1413 seria
1064 1352 1204 1413 mundes
1217 1352 1307 1415 simm

107 1455 305 1528 ferremflr:
321 1451 905 1533 2361316611161166016616
920 1471 998 1530 quae
1008 1471 1103 1515 causa
1116 1453 1308 1514 retractandi

107 1557 174 1630 fuit
194 1564 263 1619 Μ1.
302 1552 373 1616 61116
401 1555 509 1616 tamen
537 1550 690 1636 exemplis
716 1551 797 1615 satis
829 1550 939 1615 multis
966 1573 1033 1616 non
1059 1552 1166 1616 minus
1193 1552 1306 1634 6116116

112 1655 362 1740 deprehenditur
391 1653 467 1718 Aldi
493 1654 544 1718 vel
571 1654 678 1738 potius
700 1651 835 1717 Iucundi
862 1652 1084 1737 interpolatio,
1113 1677 1145 1738 p.
1168 1652 1242 1735 213,
1263 1651 1305 1717 23

112 1778 167 1822 nec
189 1764 318 1837 expiato
336 1765 444 1836 postea
466 1762 554 1821 curio
576 1767 620 1820 est
640 1766 676 1821 Μ
698 1776 754 1820 uec
781 1761 909 1835 capiate
931 1767 1040 1836 postea
1067 1777 1105 1820 ea
1127 1762 1241 1820 iniuria
1262 1764 1307 1818 esi

111 1882 149 1924 a:
171 1858 246 1941 223,
272 1858 311 1922 19
339 1864 453 1923 obtinui
478 1863 597 1937 quidem
625 1863 708 1936 quod
727 1861 933 1937 postulabam.
972 1863 1066 1923 milido
1087 1865 1185 1923 minus
1206 1868 1305 1921 tamem

112 1982 246 2039 quaero,
271 1980 311 2023 am
328 1966 491 2040 postulare
513 1965 676 2023 debuerim.
706 1979 793 2037 quem
816 1963 860 2022 ad
886 1965 1006 2024 medum
1029 1965 1166 2025 obtinui?
1197 1968 1234 2024 Μ
1256 1964 1304 2024 ob-

111 2069 192 2127 tinui
213 2099 255 2109 —
277 2083 317 2125 um
337 2067 493 2142 postulare
515 2066 668 2126 debuerim
690 2081 731 2124 am
754 2065 914 2125 abstinere.
944 2067 1193 2141 quemadmodum
1216 2066 1305 2125 absti-

111 2171 178 2229 mm't
200 2171 226 2229 is
247 2186 267 2227 6
288 2165 321 2227 61
352 2163 463 2227 eodem
484 2163 551 2228 fere
581 2162 674 2228 modo
701 2160 864 2227 Budaeus:
896 2164 968 2247 225,
990 2163 1012 2226 4
1042 2170 1146 2228 sistere
1167 2163 1249 2241 cupii
1269 2171 1306 2226 Μ

111 2276 194 2330 reiro
216 2271 298 2345 cepit
319 2287 354 2329 a:
377 2264 451 2347 226,
475 2266 495 2329 3
518 2277 550 2330 ut
571 2272 626 2345 qui
651 2272 689 2330 de
711 2275 805 2345 patre
832 2285 892 2330 auo
913 2286 1037 2345 proauo
1064 2272 1154 2345 quusi
1173 2270 1211 2329 de
1232 2270 1305 2330 orbo

111 2378 282 2448 queramur
303 2377 340 2432 Μ
360 2373 413 2446 qui
435 2371 472 2431 de
495 2373 546 2431 illo
569 2375 614 2432 uti
634 2373 672 2430 de
690 2378 785 2447 petre
807 2388 867 2432 auo
887 2388 1010 2447 proauo
1025 2374 1114 2448 quasi
1134 2373 1202 2431 arbi
1214 2387 1304 2446 quae·

111 2480 234 2534 rantur.
282 2471 350 2532 1616
384 2468 520 2552 6116111111
551 2468 652 2553 igitur
683 2469 875 2533 auctoritate
908 2490 979 2533 cum
1001 2469 1086 2533 110116
1108 2472 1141 2533 61
1161 2467 1305 2553 genuina

112 2592 186 2635 cum
207 2569 299 2634 falsis
321 2572 355 2634 61
376 2569 549 2654 suppositis
575 2571 610 2634 in
637 2570 758 2634 Aldina
792 2570 930 2635 editione
961 2569 1063 2633 mixta
1094 2570 1161 2635 sint
1167 2620 1176 2653 ,
1210 2569 1305 2634 facile

112 2674 250 2757 apparet
281 2671 443 2737 interdum
471 2671 611 2735 dubitari
638 2693 748 2757 posse,
783 2693 864 2757 quae
895 2671 974 2735 fides
1006 2671 1092 2736 illius
1120 2671 1305 2736 testimonio

112 2776 228 2838 contus
249 2773 428 2838 Medieeum
451 2771 591 2837 codicem
612 2771 761 2838 habenda
784 2773 841 2838 sit:
875 2773 916 2838 cf.
948 2795 980 2857 p.
1003 2773 1076 2857 214,
1104 2774 1152 2838 13.
1175 2773 1249 2857 224,
1273 2773 1304 2837 8.

109 2875 185 2959 225,
211 2875 260 2940 10.
283 2875 356 2959 230,
379 2877 410 2940 5.

197 2976 238 3041 In
270 2976 391 3040 ultimis
423 2974 497 3039 libri
529 2976 608 3040 110111
643 2977 805 3062 epistulis,
844 2999 924 3061 quae
956 2977 992 3041 in
1023 2976 1167 3042 Mediceo
1199 2977 1306 3042 codice

112 3078 341 3163 66111116611011
368 3081 458 3162 sunt,
493 3099 565 3143 cum
597 3078 672 3143 libri
701 3101 798 3144 manu
825 3079 937 3163 scripti
970 3081 1004 3143 61
1029 3079 1180 3164 princeps
1208 3079 1305 3144 editio

113 3180 205 3244 valde
229 3180 368 3263 corrupti
391 3180 473 3263 sint,
501 3181 602 3244 mults
627 3181 664 3244 in
684 3180 830 3245 Romana
852 3181 1006 3265 editione,
1033 3181 1154 3246 6116111
1176 3181 1305 3265 Aldina,

114 3302 218 3366 116666
232 3282 339 3364 etiam,
363 3286 505 3365 utsupra
526 3280 603 3365 dixi,
621 3305 640 3344 6
654 3281 832 3366 Pomponio
846 3281 945 3346 Laeto
964 3283 1102 3367 primum
1117 3286 1204 3347 recte
1219 3282 1305 3348 edita

113 3384 198 3447 sunt.
238 3383 322 3448 unde
354 3387 487 3467 apparet
519 3384 612 3447 bonis
640 3383 801 3449 codicibus
829 3373 901 3448 illos
934 3385 1069 3450 editores
1102 3405 1175 3448 usos
1196 3384 1304 3449 fuisse.

113 3483 286 3568 praecipua
306 3487 415 3550 tamen
439 3485 610 3551 6661011166
633 3488 765 3568 propter
792 3486 893 3550 multa
917 3488 949 3550 et
976 3486 1085 3572 gravia
1108 3485 1253 3551 codicum
1275 3489 1308 3551 et

114 3585 409 3670 antiquissimarum
431 3586 607 3651 editionum
635 3585 715 3650 vitia
742 3587 913 3652 tribuenda
934 3591 983 3652 661
1005 3587 1141 3651 Aldinae
1163 3587 1306 3653 editioni.

113 3708 303 3772 quamquem
324 3687 359 3752 in
381 3687 442 3752 1160
463 3710 586 3772 quoque
609 3689 784 3754 cavendum
806 3692 855 3753 est
880 3711 922 3753 ne
942 3688 1221 3772 interpolationem
1243 3689 1307 3754 edi-

114 3788 193 3852 toris
216 3810 274 3873 pro
295 3790 438 3874 genuina
461 3790 580 3855 codicis
603 3791 740 3855 lectione
762 3790 1001 3875 amplectamur.

198 3889 336 3974 Propter
367 3890 470 3955 161166
503 3896 535 3956 61
562 3893 733 3977 impeditas
762 3892 964 3958 condiciones
994 3890 1162 3978 librorum,
1190 3893 1306 3977 quibus

113 3989 214 4055 Plinii
236 3992 392 4075 epistulae
413 3993 507 4057 nobis
528 3994 667 4058 traditae
689 3997 781 4076 sunt,
805 3993 948 4077 uberius,
973 4014 1067 4078 quam
1088 3995 1123 4058 in
1145 3993 1306 4080 plerisque

113 4092 324 4177 scriptoribus
347 4095 549 4159 huiusmodi
576 4097 781 4181 quaestiones
808 4098 946 4160 tractare
967 4117 1027 4179 par
1054 4100 1118 4179 661,
1148 4095 1227 4161 haec
1254 4118 1306 4161 ex·

113 4195 263 4280 ponenda
285 4217 353 4262 esse
375 4197 496 4282 putavi.
520 4219 594 4261 nam
618 4219 689 4263 cum
712 4201 745 4264 61
766 4198 991 4283 manuscripti
1013 4197 1088 4261 libri
1103 4199 1236 4283 antiqua
1257 4198 1306 4263 in·

112 4297 327 4381 terpolatione
355 4300 496 4383 corrupti
529 4300 595 4363 sint
628 4302 660 4364 et
688 4301 729 4364 ab
757 4300 850 4366 editis
878 4299 1111 4384 exemplaribus
1140 4300 1307 4384 exaliqua

113 4402 207 4481 parte
227 4400 472 4467 fundamentum
494 4403 669 4486 scripturae
683 4403 857 4486 petendum
878 4403 938 4487 sit,
963 4402 1114 4487 ambigua
1129 4404 1162 4466 61
1183 4402 1306 4467 lubrica

114 4499 365 4586 discrepantium
393 4504 622 4589 scripturarum
650 4504 845 4569 existimatio
874 4508 937 4589 est,
966 4504 1029 4569 nisi
1058 4505 1153 4570 certis
1180 4503 1306 4592 legibus
