3024 5062
203 269 267 334 340
725 282 755 332 1.
778 284 876 331 nunu

206 440 312 504 odium
341 438 390 503 sui
416 438 601 503 leniendum
622 437 820 501 tumentibus
848 435 951 521 plebis
975 436 1091 501 animis
1112 435 1336 520 obiectabant,
1366 435 1399 500 id

203 544 240 606 tu
267 545 334 606 tam
354 541 510 605 innocens
538 539 656 624 populo
679 539 810 624 dedisti,
841 562 936 624 quam
964 539 1100 624 populus
1123 540 1257 623 aceepit.
1303 538 1399 623 paulo

202 644 324 727 minus,
360 647 468 728 patres
500 642 688 725 conscripti,
724 642 863 726 quinque
891 641 981 705 milia
1013 642 1228 726 ingenuorum
1255 641 1397 725 fuerunt,

203 768 283 830 quae
311 745 487 809 liberalitas
515 744 672 828 principis
700 744 802 807 nostri
831 743 1039 827 conquisivit,
1075 742 1218 827 invenit,
1253 744 1398 809 adscivit.

203 848 237 911 hi
265 848 441 912 subsidium
469 846 640 929 bellorum,
676 848 900 910 ornamentum
931 845 1020 929 pacis
1052 844 1190 928 publicis
1218 845 1424 930 sumptibuse

204 950 333 1013 aluntur
354 950 557 1033 patriamque
585 970 651 1012 non
680 951 717 1011 ut
742 947 882 1032 patriam
903 950 1032 1011 tantum
1058 969 1169 1013 verum
1195 951 1233 1012 ut
1254 949 1400 1014 altricem

204 1073 311 1115 amare
335 1051 533 1116 condiscunt.
572 1072 610 1114 ex
632 1050 683 1114 his
706 1053 828 1131 castra,
853 1072 891 1114 ex
912 1049 963 1114 his
985 1050 1089 1114 tribus
1109 1050 1337 1135 replebuntur,
1361 1072 1400 1114 ex

202 1154 252 1218 his
275 1155 463 1238 quandoque
492 1155 666 1217 nascentur
693 1153 807 1236 quibus
830 1151 991 1216 alimentis
1019 1173 1099 1237 opus
1127 1173 1194 1218 non
1222 1153 1272 1219 sit.
1321 1153 1400 1217 dent

201 1257 278 1340 tibi,
296 1256 428 1341 Caesar,
452 1258 591 1320 aetatem
614 1256 645 1319 di
668 1276 764 1339 quam
786 1256 917 1318 mereris
939 1258 1129 1339 serventque
1149 1257 1293 1319 animum
1305 1277 1401 1340 quem
1429 1305 1432 1312 ,

204 1358 374 1423 dederunt:
415 1361 448 1423 et
479 1361 600 1442 quanto
627 1357 780 1422 maiorem
807 1357 981 1421 infantium
1003 1356 1132 1421 turbam
1159 1358 1277 1422 iterum
1305 1360 1401 1442 atque
1415 1376 1437 1414 10

208 1461 325 1524 iterum
363 1461 487 1525 iubebis
521 1460 635 1524 incidi!
670 1462 807 1544 augetur
844 1460 931 1523 enim
962 1459 1079 1524 cotidie
1106 1463 1140 1524 et
1168 1460 1299 1540 erescit,
1334 1481 1401 1524 non

203 1563 278 1646 quia
305 1563 441 1627 cariores
469 1562 655 1646 parentibus
677 1562 785 1646 liberi,
818 1561 873 1625 sed
895 1561 970 1645 quia
1002 1562 1142 1646 principi
1165 1563 1259 1628 cives
1309 1561 1400 1626 dabis

204 1665 384 1749 congiaria,
415 1665 442 1728 si
478 1664 578 1748 voles3
606 1663 785 1748 praestabis
814 1664 983 1748 alimenta,
1016 1665 1043 1728 si
1071 1664 1175 1730 voles:
1207 1663 1256 1728 illi
1289 1667 1399 1728 tamen

203 1770 335 1851 propter
357 1769 389 1830 te
412 1769 598 1831 naseuntur.

153 1869 195 1932 29
288 1869 397 1934 Instar
429 1889 489 1951 ego
523 1868 670 1952 perpetui
704 1867 861 1952 congiarii
894 1889 965 1932 reor
998 1868 1205 1933 adfluentium
1238 1889 1396 1935 annonae.
1412 1887 1434 1925 1⁵

203 1970 298 2035 huius
321 1970 491 2054 aliquando
514 1991 590 2033 cura
611 1969 762 2053 Pompeio
785 1991 851 2033 non
872 1970 979 2034 minus
1002 1970 1125 2035 addidit
1151 1970 1275 2056 gloriae
1304 1992 1398 2054 quam

203 2071 314 2157 pulsus
343 2072 481 2136 ambitus
510 2093 639 2156 campo,
667 2074 798 2135 exactus
825 2071 927 2136 hostis
960 2073 1056 2156 mari,
1091 2072 1198 2138 oriens
1226 2072 1399 2156 triumphis

206 2175 416 2258 occidensque
439 2174 604 2237 lustratus.
627 2195 688 2238 nec
710 2194 785 2238 vero
807 2172 861 2237 ille
885 2172 1009 2238 civilius
1030 2195 1127 2258 quam
1149 2195 1267 2258 parens
1289 2177 1399 2238 noster

207 2276 397 2340 auctoritate
421 2275 553 2340 oonsilio
581 2274 643 2338 fide
666 2274 797 2339 reclusit
826 2275 913 2358 vias,
942 2278 1053 2359 portus
1080 2275 1251 2360 patefecit,
1281 2276 1398 2340 itinera

204 2378 314 2462 111111,
344 2378 491 2442 litoribus
518 2399 621 2461 mare,
653 2377 750 2441 litora
777 2378 859 2440 mari
886 2377 1024 2442 reddidit
1051 2378 1256 2462 diuersasque
1284 2381 1433 2463 gerasa

204 2479 250 2542 ita
274 2480 462 2545 commercio
484 2479 628 2563 miscuit,
652 2482 690 2542 ut
711 2478 795 2562 quod
810 2480 957 2563 genitum
979 2481 1064 2544 esset
1084 2501 1235 2564 usquam,
1259 2481 1292 2545 id
1315 2481 1398 2564 apud

204 2603 314 2646 omnes
337 2586 450 2647 natum
473 2602 540 2646 esse
563 2581 733 2646 videretur.
763 2601 871 2645 nonne
894 2603 1024 2646 cernere
1045 2582 1140 2646 datur
1160 2586 1197 2647 ut
1219 2583 1289 2649 sine
1305 2582 1398 2647 ullius

204 2683 321 2748 iniuria
344 2685 447 2748 omnis
470 2684 579 2748 usibus
601 2683 721 2748 nostris
743 2705 847 2748 annus
869 2683 1044 2748 exuberet?
1072 2685 1190 2768 quippe
1211 2707 1279 2751 non
1301 2688 1340 2749 ut
1361 2705 1398 2749 111

204 2784 328 2868 hostico
349 2789 461 2870 raptae
483 2787 706 2871 perituraeque
733 2785 768 2849 in
795 2785 917 2850 horreis
944 2807 1062 2851 messes
1084 2787 1281 2871 nequiquam
1303 2787 1397 2872 quiri·

204 2888 349 2951 tentibus
383 2888 477 2953 sociis
512 2888 711 2952 auferuntur.
760 2888 921 2952 devehunt
953 2889 1015 2972 ipsi
1046 2888 1130 2973 quod
1156 2892 1245 2953 terra
1272 2890 1396 2974 genuit,
1409 2909 1431 2948 11

205 2989 287 3072 quod
303 2989 389 3055 sidus
406 2991 501 3073 aluit,
525 2991 608 3075 quod
624 3011 728 3054 annus
742 2990 833 3074 tulit,
857 3011 918 3055 nec
938 2991 1029 3054 novis
1043 2990 1275 3056 indictionibus
1297 2991 1398 3076 pressi

205 3091 245 3155 ad
267 3094 375 3156 vetera
397 3093 518 3157 tributa
540 3092 701 3157 deficiunt.
740 3090 817 3156 emit
838 3092 933 3157 fiscus
960 3092 1112 3177 quidquid
1133 3092 1261 3157 videtur
1283 3115 1395 3158 emere.

203 3192 278 3257 inde
301 3195 426 3278 copiae,
450 3194 525 3259 inde
548 3216 694 3278 annona,
718 3195 757 3258 de
779 3216 841 3279 qua
862 3195 949 3259 inter
969 3194 1120 3261 licentem
1141 3195 1396 3282 vendentemque

153 3305 195 3369 30
206 3296 390 3380 conveniat,
413 3297 488 3361 inde
510 3295 563 3361 1111
585 3298 715 3361 satietas
737 3318 798 3361 nec
819 3296 921 3361 fames
935 3319 1081 3381 usquam.
1119 3298 1292 3384 Aegyptus
1314 3297 1396 3364 alen-

204 3397 252 3462 dis
282 3399 498 3484 augendisque
526 3399 700 3464 seminibus
728 3400 774 3463 ita
802 3398 941 3484 gloriata
970 3403 1038 3484 est,
1067 3402 1104 3465 ut
1130 3397 1214 3465 nihil
1241 3400 1428 3466 imbribusa

204 3501 354 3584 caeloque
383 3501 526 3586 deberet3
560 3501 715 3586 siquidem
737 3501 867 3585 proprio
900 3523 1025 3587 semper
1053 3524 1147 3567 amne
1175 3503 1310 3588 perfusa
1338 3525 1394 3592 nec

204 3602 267 3666 alio
290 3624 407 3687 genere
430 3624 585 3687 aquarum
613 3604 708 3668 solita
735 3603 961 3688 pinguescere,
989 3626 1084 3688 quam
1112 3627 1191 3689 quas
1213 3607 1286 3690 ipsa
1308 3606 1394 3671 deve·

203 3707 294 3769 xerat
300 3755 309 3788 ‚
338 3705 439 3768 tantis
468 3706 630 3791 segetibus
659 3706 868 3790 induebatur,
902 3709 940 3770 ut
967 3728 1039 3771 eum
1066 3707 1275 3773 feracissimis
1304 3708 1394 3773 terris

274 4017 285 4062 l
305 4015 465 4065 obiectabat
482 4028 496 4063 1
565 4017 580 4065 2
599 4020 630 4064 11
647 4015 702 4063 iam
721 4016 893 4066 innocentius
910 4016 934 4064 Δ
1018 4019 1034 4067 1
1052 4017 1081 4067 11
1099 4017 1142 4080 AB
1160 4017 1204 4068 his
1223 4017 1259 4067 cd
1277 4019 1330 4068 111

203 4085 219 4134 8
238 4098 293 4152 pop
311 4099 380 4148 opus
399 4099 453 4133 non
472 4084 509 4132 sit
525 4085 541 4132 1
613 4086 644 4135 10
663 4080 702 4149 et]
723 4099 788 4148 ergo
807 4097 821 4132 1
891 4086 921 4133 11
940 4084 1050 4136 1111111
1071 4085 1159 4135 incidi
1176 4086 1308 4137 Livineius
1325 4084 1392 4136 uide·

204 4152 247 4201 bis
265 4153 352 4201 incidi
370 4153 460 4200 ABod
478 4151 585 4202 uidebis
608 4151 718 4202 iubebis
742 4151 827 4203 incidi
848 4152 1016 4216 cuspinianus
1119 4157 1150 4204 13
1173 4155 1329 4219 praestabis
1347 4154 1392 4205 ali·

203 4226 298 4271 menta
317 4219 340 4268 si
358 4219 431 4270 voles
450 4236 496 4272 orn.
515 4221 557 4276 Βς
636 4223 667 4270 15
687 4218 750 4285 ego]
771 4235 837 4285 ergo
856 4235 869 4270 1
957 4224 989 4274 19
1007 4222 1154 4273 itineribus
1173 4228 1278 4287 terras,
1296 4224 1392 4272 itinera

203 4291 284 4338 terris
303 4288 470 4339 Mommsenio
537 4291 570 4339 23
589 4286 688 4352 annus]
708 4289 795 4338 amnis
814 4289 834 4336 B
887 4291 1051 4340 exuberetur
1068 4291 1093 4354 1,
1113 4306 1181 4344 corn.
1201 4293 1392 4344 1111111111·

200 4355 312 4418 beretss
380 4372 435 4406 non
453 4374 486 4408 111
503 4357 628 4408 hostibus
647 4361 757 4420 raptec
843 4359 877 4406 24
894 4359 1075 4424 nequicquam
1093 4357 1182 4408 sseu
1266 4360 1392 4424 quiritan-

203 4424 278 4474 tibus
296 4427 381 4474 coden
400 4425 599 4490 Solisbnrpcnsis
617 4423 757 4475 Selium-ziz·
774 4432 799 4475 et
816 4426 946 4477 Liuineius
964 4427 1169 4490 queritantibus
1188 4427 1280 4478 aser
1361 4427 1390 4477 21

204 4490 279 4558 emit]
301 4493 369 4542 sinit
385 4495 408 4542 Δ
475 4489 596 4560 videtur]
616 4493 727 4543 iubetur
745 4495 874 4544 Livineius
942 4497 975 4545 28
993 4494 1110 4546 licentes
1128 4513 1198 4549 corr.
1216 4512 1297 4548 -111
1315 4496 1330 4559 β

204 4563 236 4610 32
255 4563 316 4626 ipsa
335 4561 440 4626 Lipsius
456 4563 516 4628 ipse
533 4561 623 4612 uses
