3024 5062
496 251 737 299 enunciamus
762 249 802 296 73.
825 249 865 296 11.
889 249 928 296 rs.
1244 236 1308 301 379

117 401 220 485 1111111
252 403 336 487 qnod
363 404 448 487 apud
476 404 578 468 malos
605 404 801 470 detrahebat.
844 405 988 490 quamvis
1017 406 1102 469 eninr
1129 407 1307 470 faceremus

116 524 196 587 quae
219 507 363 569 amantes
386 505 506 589 solent,
534 506 582 570 illi
615 509 724 572 tamen
750 529 817 572 non
846 507 947 572 amari
974 529 1008 572 se
1036 508 1211 572 credebant
1232 509 1305 573 sibi.

117 626 212 690 snper
233 605 312 671 haec
339 608 462 691 precati
484 631 592 673 snmus
614 612 651 673 ut
672 610 719 674 sic
739 612 773 674 te
788 612 936 674 amarent
956 609 998 691 di,
1015 610 1307 693 quemadmodum

115 712 152 772 tu
183 729 252 773 nos.
301 708 371 793 qnis
403 710 464 773 hoc
492 713 548 775 aut
576 710 614 774 de
641 732 674 774 se
703 712 759 774 ant
791 710 931 794 principi
960 710 1080 777 diceret
1106 711 1308 776 mediocriter

89 809 263 874 sementi?
294 831 353 894 pro
375 811 567 896 nobisipsis
589 813 717 897 quidem
739 813 818 878 haec
851 813 913 878 fuit
939 784 1080 877 summa*
1084 817 1227 879 votorum
1234 863 1243 897 ,
1272 816 1308 876 ut

116 933 174 976 nos
197 912 243 977 sic
265 916 412 978 amarent
435 914 467 977 di
489 936 551 999 quo
572 915 666 978 modo
687 918 734 979 tu.
783 917 873 980 estne
895 937 1004 980 verum
1027 916 1111 1000 quod
1138 916 1224 979 inter
1245 916 1308 979 ista

116 1013 338 1098 clamavimus,
369 1023 399 1080 ‘o
428 1036 488 1080 nos
515 1016 663 1081 felices'?
695 1018 771 1102 quid
794 1018 880 1082 enim
901 1017 1025 1083 felicius
1053 1017 1164 1100 nobis,
1194 1017 1308 1102 quibus

115 1115 267 1181 neniam
289 1115 367 1181 illud
391 1119 566 1202 optandum
589 1121 653 1203 est,
682 1127 718 1183 ut
739 1140 798 1184 nos
820 1119 936 1204 diligat
956 1120 1121 1203 princepe,
1145 1119 1199 1183 sed
1222 1131 1255 1183 11
1276 1117 1308 1181 di

116 1219 422 1302 quemadmodum
448 1219 624 1304 princeps?
655 1221 769 1286 civitas
797 1221 1007 1306 religionibus
1036 1221 1143 1285 dedita
1170 1242 1308 1305 semper-

78 1341 103 1380 11
116 1341 178 1404 que
210 1321 340 1386 deorum
367 1321 603 1406 indulgentiam
636 1322 758 1406 pietate
790 1323 906 1388 merita
936 1323 1018 1387 nihil
1050 1322 1200 1387 felicitati
1233 1345 1308 1387 snae

116 1425 211 1508 putat
232 1423 354 1488 adstrui
375 1445 482 1508 posse,
505 1424 569 1489 nisi
591 1427 628 1488 ut
650 1424 682 1489 di
705 1424 875 1490 Caesarem
896 1426 1073 1491 imitentur.

202 1525 264 1591 Sed
286 1526 362 1610 quid
386 1525 515 1610 singula
545 1529 711 1591 consector
733 1531 766 1591 et
788 1527 930 1612 colligo?
952 1527 1042 1612 quasi
1064 1549 1139 1592 vero
1162 1530 1218 1591 aut
1239 1529 1359 1593 ora-75

116 1629 205 1693 tione
229 1629 396 1713 complecti
419 1631 475 1693 aut
496 1629 649 1694 memoria
678 1630 829 1714 consequi
855 1630 974 1714 possim
1004 1651 1085 1714 quae
1107 1652 1179 1712 vos,
1201 1632 1309 1713 patres

118 1731 310 1815 conscripti,
334 1753 375 1795 ne
398 1753 460 1815 qua
482 1730 690 1814 interciperet
712 1730 844 1814 oblivio,
876 1734 908 1796 et
934 1733 970 1797 in
991 1731 1120 1816 publica
1143 1735 1215 1796 acta
1237 1731 1316 1795 mia

73 1829 216 1897 ’15111111
238 1836 270 1898 et
292 1833 463 1898 incidenda
484 1833 519 1897 in
542 1833 810 1898 11111111111111.
848 1837 924 1898 ante
946 1833 1105 1898 orationes
1127 1833 1310 1917 principum

116 1937 245 1999 tantum
277 1936 344 2000 eius
376 1935 462 2000 modi
492 1956 610 2020 genere
638 1937 915 2000 monumentorum
949 1935 1096 1999 mandari
1127 1935 1309 1999 aeternitati

117 2037 279 2103 solebant:
309 2038 560 2103 adclamationes
587 2037 713 2122 quidem
741 2042 870 2103 nostrae
898 2038 1075 2122 parietibus
1098 2037 1203 2102 curiae
1226 2038 1310 2102 clau-

117 2141 286 2205 debantur.
325 2144 418 2205 erant
440 2140 526 2204 enim
548 2140 662 2225 quibus
684 2161 744 2204 nec
766 2144 896 2204 senatus
912 2140 1044 2224 gloriari
1065 2161 1126 2204 nec
1147 2139 1310 2224 principes

116 2248 256 2327 11111111.
293 2242 352 2306 has
381 2264 456 2306 vero
484 2245 517 2306 et
537 2245 572 2306 in
594 2243 708 2326 vulgus
731 2243 816 2307 exire
839 2247 872 2306 et
899 2241 1034 2326 posteris
1062 2243 1155 2326 prodi
1177 2263 1248 2306 cum
1271 2264 1310 2305 ex

78 2344 259 2409 inutilitate
286 2348 354 2409 tum
383 2367 421 2407 ex
443 2344 603 2429 dignitate
629 2344 759 2428 publica
780 2345 857 2429 fuit,
885 2344 1024 2429 primum
1046 2347 1082 2407 nt
1103 2343 1190 2407 orbis
1211 2346 1310 2407 terra-

116 2469 189 2512 rum
216 2447 347 2531 pietatis
374 2449 505 2511 nostrae
532 2444 736 2510 adhiberetur
762 2447 855 2511 testis
883 2449 915 2511 et
943 2445 1104 2528 conscius,
1133 2445 1247 2509 deinde
1274 2446 1310 2508 ut

117 2549 326 2615 manifestum
348 2551 431 2613 esset
453 2548 568 2612 andere
590 2570 649 2612 nos
672 2549 710 2612 de
732 2549 825 2613 bonis
846 2548 1001 2632 malisque
1023 2546 1222 2632 principibus
1243 2567 1310 2611 non

116 2656 245 2718 tantum
268 2655 341 2736 post
362 2652 447 2735 ipsos
469 2651 625 2733 iudicare,
654 2654 815 2735 postremo
842 2654 878 2715 ut
900 2650 1118 2734 experimento
1141 2669 1310 2733 cognosce·

117 2758 206 2820 retur
234 2757 267 2818 et
289 2756 364 2818 ante
385 2775 444 2818 nos
471 2756 598 2838 gratos,
627 2754 682 2818 sed
710 2753 842 2818 miseros
864 2753 980 2835 fuisse,
1010 2751 1125 2836 quibus
1153 2771 1222 2814 esse
1251 2770 1310 2813 nos

77 2860 229 2943 aegrotos
250 2855 385 2940 probare
409 2859 505 2920 antea
527 2877 592 2919 non
615 2855 718 2920 licuit.
757 2859 792 2920 at
807 2877 870 2940 qua
892 2844 1116 2938 contentione,
1140 2873 1202 2937 quo
1224 2852 1307 2935 nisu,

117 2959 233 3045 quibus
256 2957 446 3022 clamoribus
468 2957 703 3042 expostulatum
725 2960 837 3022 estne
859 2957 1003 3022 adfectus
1025 2958 1167 3038 nostros,
1192 2976 1233 3018 ne
1255 2956 1311 3018 tua

117 3061 234 3126 merita
256 3059 484 3144 supprimeres,
508 3060 644 3145 denique
659 3064 695 3125 ut
716 3060 751 3124 in
767 3063 930 3144 posterum
952 3058 1096 3143 exemplo
1111 3056 1308 3142 provideres!

118 3163 247 3228 discant
279 3165 311 3226 et
342 3162 503 3246 principes
538 3160 787 3227 adclamationes
816 3184 906 3226 veras
938 3161 1101 3245 falsasque
1130 3159 1311 3223 discernere

118 3265 323 3349 habeantque
344 3264 485 3328 muneris
506 3262 555 3327 tui
578 3263 661 3347 quod
683 3264 747 3327 iam
770 3263 873 3347 decipi
895 3284 961 3327 non
983 3264 1145 3346 poterunt.
1174 3282 1241 3325 non
1262 3261 1311 3324 in-

77 3388 105 3428 so
119 3366 308 3432 struendum
331 3366 394 3431 illis
409 3366 471 3432 iter
494 3366 534 3430 ad
549 3366 666 3431 bonam
681 3366 801 3431 famam
810 3416 819 3451 ,
843 3367 979 3431 sednon
1002 3363 1221 3447 deserendum,
1245 3385 1311 3427 non

119 3568 323 3578 .—--—

188 3692 276 3761 3sic]
296 3695 358 3745 sin
426 3692 1126 3760 4111111111111Δ1111111111111111111111ᾱ
1178 3687 1311 3754 livorum]

119 3763 247 3827 utrumlt
315 3764 404 3813 811111
423 3779 477 3813 non
495 3765 530 3812 od
596 3762 644 3812 sed
663 3762 702 3812 dii
719 3763 809 3812 anon
894 3762 1029 3812 9civitss
1048 3786 1081 3795 -
1100 3760 1131 3808 16
1150 3758 1312 3807 aeternitati

120 3831 250 3884 solebant
267 3847 312 3884 om.
331 3832 366 3880 cd
486 3833 517 3882 10
536 3832 640 3896 pietate
664 3830 763 3880 merita
780 3831 886 3894 Lipsius
903 3830 948 3895 pie
965 3830 1064 3879 merita
1082 3827 1129 3875 ΔΒ
1147 3836 1195 3893 pre
1214 3827 1313 3876 merita

119 3917 138 3951 a
155 3900 305 3966 promerita
322 3900 478 3950 Arclzenius
529 3899 661 3948 felicitati
680 3913 745 3948 suae
763 3899 847 3949 Aldus
858 3897 1004 3948 felicitatis
1017 3912 1083 3947 suae
1097 3894 1144 3944 AB
1189 3898 1219 3945 13
1232 3909 1312 3959 quae.

119 3987 149 4035 p.
169 3984 193 4018 c.
213 3982 303 4031 nequa
321 3983 371 4018 uos
389 3968 601 4032 interciperetb
637 3964 793 4031 vos]nosA
828 3969 860 4018 16
870 3968 986 4030 fortasse
1000 3970 1063 4016 ente
1076 3969 1104 4014 11
1158 3963 1312 4028 liquidem

119 4035 210 4088 aas
295 4039 404 4086 nestrae
423 4036 438 4099 β
538 4035 568 4084 18
587 4050 638 4085 nec
656 4035 795 4099 principes
813 4040 926 4100 possent
943 4035 966 4082 A
983 4049 1033 4084 nec
1052 4033 1180 4097 princeps
1200 4036 1313 4095 possent

119 4107 164 4161 Βς
181 4119 233 4154 nec
252 4106 378 4168 princeps
397 4109 491 4168 posset
509 4117 585 4152 onec
602 4104 732 4168 princeps
752 4118 813 4152 esse
831 4104 848 4151 d
935 4105 965 4153 19
984 4103 1012 4151 in
1030 4100 1131 4164 uulgus
1148 4098 1192 4147 Ad
1210 4101 1238 4148 in
1257 4100 1313 4149 sin-

120 4172 280 4239 gulislin
297 4172 413 4237 nulgoc
464 4168 555 4237 prodil
576 4170 679 4235 proliss
731 4174 764 4222 23
783 4176 919 4237 postremo
937 4197 970 4206 —
989 4172 1020 4220 27
1039 4167 1195 4233 provideres
1213 4183 1259 4218 om.
1278 4169 1314 4216 cd

190 4243 223 4290 24
241 4244 307 4291 ante
325 4256 379 4290 non
397 4241 520 4305 ingratos
539 4241 643 4304 Lipsius
730 4237 838 4304 quibus]
856 4241 969 4302 fortasse
988 4237 1063 4303 quia,
1155 4234 1241 4286 2111
1260 4251 1313 4300 qua

119 4310 165 4360 Ab
183 4308 207 4358 A
226 4323 281 4372 qua
300 4310 382 4360 deleto
400 4308 432 4372 A,
450 4307 641 4371 111111111,β
721 4309 787 4358 nixu
804 4306 850 4357 AB
919 4306 1088 4370 27deuique
1107 4302 1314 4368 —provideres

119 4394 169 4430 om.
188 4377 220 4441 A,
239 4378 299 4428 add.
320 4378 339 4426 B
476 4379 509 4428 30
526 4376 582 4426 illis
601 4392 648 4427 om.
664 4377 687 4424 Δ
845 4373 892 4442 ad]
912 4373 962 4424 sed
979 4375 999 4423 B
1136 4371 1313 4422 deserendum

120 4447 144 4497 Δ
170 4445 351 4496 deserundum
378 4446 395 4494 b
421 4445 616 4495 destruendum
642 4460 710 4496 corr.
743 4446 776 4495 al.
805 4460 871 4495 mou,
907 4441 1087 4495 deserendum
1115 4441 1130 4504 β
1157 4440 1192 4491 ed
1218 4455 1313 4490 secun·

121 4515 186 4566 darn
205 4515 240 4563 od
