<?xml version="1.0" encoding="UTF-8"?>
<!DOCTYPE html PUBLIC "-//W3C//DTD XHTML 1.0 Transitional//EN"
    "http://www.w3.org/TR/xhtml1/DTD/xhtml1-transitional.dtd">
<html xmlns="http://www.w3.org/1999/xhtml" xml:lang="en" lang="en">
 <head>
  <title>
</title>
<meta http-equiv="Content-Type" content="text/html;charset=utf-8" />
  <meta name='ocr-system' content='tesseract 3.04.00' />
  <meta name='ocr-capabilities' content='ocr_page ocr_carea ocr_par ocr_line ocrx_word'/>
</head>
<body>
  <div class='ocr_page' id='page_1' title='image "./cplinicaecilise03plingoog_0043.png"; bbox 0 0 3024 5062; ppageno 0'>
   <div class='ocr_carea' id='block_1_1' title="bbox 186 254 889 303">
    <p class='ocr_par' dir='ltr' id='par_1_1' title="bbox 186 254 889 303">
     <span class='ocr_line' id='line_1_1' title="bbox 186 254 889 303; baseline -0.003 -1"><span class='ocrx_word' id='word_1_1' title='bbox 186 255 323 302; x_wconf 82' lang='lat' dir='ltr'>xxxvrn</span> <span class='ocrx_word' id='word_1_2' title='bbox 680 254 889 303; x_wconf 73' lang='lat' dir='ltr'>PRAEFATIO.</span> 
     </span>
    </p>
   </div>
   <div class='ocr_carea' id='block_1_2' title="bbox 185 406 1383 1001">
    <p class='ocr_par' dir='ltr' id='par_1_2' title="bbox 185 406 1383 1001">
     <span class='ocr_line' id='line_1_2' title="bbox 185 406 1383 496; baseline 0.003 -24"><span class='ocrx_word' id='word_1_3' title='bbox 185 430 254 472; x_wconf 91' lang='lat' dir='ltr'>ram</span> <span class='ocrx_word' id='word_1_4' title='bbox 277 429 481 492; x_wconf 88' lang='lat' dir='ltr'>apponerem.</span> <span class='ocrx_word' id='word_1_5' title='bbox 520 411 686 491; x_wconf 88' lang='lat' dir='ltr'>praeterea</span> <span class='ocrx_word' id='word_1_6' title='bbox 715 407 820 492; x_wconf 86' lang='lat' dir='ltr'>siquid</span> <span class='ocrx_word' id='word_1_7' title='bbox 849 429 887 472; x_wconf 84' lang='lat' dir='ltr'>ex</span> <span class='ocrx_word' id='word_1_8' title='bbox 913 408 954 472; x_wconf 89' lang='lat' dir='ltr'>iis</span> <span class='ocrx_word' id='word_1_9' title='bbox 982 428 1063 496; x_wconf 85' lang='lat' dir='ltr'>quae</span> <span class='ocrx_word' id='word_1_10' title='bbox 1090 406 1130 471; x_wconf 91' lang='lat' dir='ltr'>ab</span> <span class='ocrx_word' id='word_1_11' title='bbox 1151 407 1236 474; x_wconf 81' lang='lat' dir='ltr'>Aldo</span> <span class='ocrx_word' id='word_1_12' title='bbox 1257 411 1383 475; x_wconf 87' lang='lat' dir='ltr'>mutata</span> 
     </span>
     <span class='ocr_line' id='line_1_3' title="bbox 185 508 1381 596; baseline 0.002 -23"><span class='ocrx_word' id='word_1_13' title='bbox 185 514 262 575; x_wconf 90' lang='lat' dir='ltr'>sunt</span> <span class='ocrx_word' id='word_1_14' title='bbox 285 533 303 574; x_wconf 97' lang='lat' dir='ltr'>a</span> <span class='ocrx_word' id='word_1_15' title='bbox 326 508 481 574; x_wconf 90' lang='lat' dir='ltr'>Beroaldo</span> <span class='ocrx_word' id='word_1_16' title='bbox 504 509 554 574; x_wconf 91' lang='lat' dir='ltr'>vel</span> <span class='ocrx_word' id='word_1_17' title='bbox 577 508 739 576; x_wconf 82' lang='lat' dir='ltr'>Catenaeo</span> <span class='ocrx_word' id='word_1_18' title='bbox 761 509 929 575; x_wconf 90' lang='lat' dir='ltr'>inventum</span> <span class='ocrx_word' id='word_1_19' title='bbox 958 519 1043 594; x_wconf 87' lang='lat' dir='ltr'>erat,</span> <span class='ocrx_word' id='word_1_20' title='bbox 1071 513 1108 575; x_wconf 93' lang='lat' dir='ltr'>ut</span> <span class='ocrx_word' id='word_1_21' title='bbox 1128 509 1381 596; x_wconf 74' lang='lat' dir='ltr'>intellegeretur,</span> 
     </span>
     <span class='ocr_line' id='line_1_4' title="bbox 186 609 1381 697; baseline 0.002 -22"><span class='ocrx_word' id='word_1_22' title='bbox 186 612 261 695; x_wconf 91' lang='lat' dir='ltr'>quid</span> <span class='ocrx_word' id='word_1_23' title='bbox 287 610 341 675; x_wconf 92' lang='lat' dir='ltr'>ille</span> <span class='ocrx_word' id='word_1_24' title='bbox 364 633 383 676; x_wconf 87' lang='lat' dir='ltr'>a</span> <span class='ocrx_word' id='word_1_25' title='bbox 405 610 564 694; x_wconf 89' lang='lat' dir='ltr'><strong>prioribus</strong></span> <span class='ocrx_word' id='word_1_26' title='bbox 594 609 767 675; x_wconf 80' lang='lat' dir='ltr'>editoribus</span> <span class='ocrx_word' id='word_1_27' title='bbox 795 611 987 695; x_wconf 80' lang='lat' dir='ltr'>accepisset,</span> <span class='ocrx_word' id='word_1_28' title='bbox 1017 611 1092 697; x_wconf 87' lang='lat' dir='ltr'>quid</span> <span class='ocrx_word' id='word_1_29' title='bbox 1121 612 1189 696; x_wconf 91' lang='lat' dir='ltr'>ipse</span> <span class='ocrx_word' id='word_1_30' title='bbox 1217 615 1381 695; x_wconf 86' lang='lat' dir='ltr'>navasset,</span> 
     </span>
     <span class='ocr_line' id='line_1_5' title="bbox 185 711 1383 798; baseline 0.002 -22"><span class='ocrx_word' id='word_1_31' title='bbox 185 711 298 776; x_wconf 90' lang='lat' dir='ltr'>horum</span> <span class='ocrx_word' id='word_1_32' title='bbox 321 734 445 796; x_wconf 91' lang='lat' dir='ltr'>quoque</span> <span class='ocrx_word' id='word_1_33' title='bbox 467 713 599 777; x_wconf 91' lang='lat' dir='ltr'>nomina</span> <span class='ocrx_word' id='word_1_34' title='bbox 621 711 782 796; x_wconf 88' lang='lat' dir='ltr'>adscripta</span> <span class='ocrx_word' id='word_1_35' title='bbox 804 716 888 777; x_wconf 91' lang='lat' dir='ltr'>sunt.</span> <span class='ocrx_word' id='word_1_36' title='bbox 928 716 1068 778; x_wconf 90' lang='lat' dir='ltr'>ceterum</span> <span class='ocrx_word' id='word_1_37' title='bbox 1091 717 1123 779; x_wconf 91' lang='lat' dir='ltr'>et</span> <span class='ocrx_word' id='word_1_38' title='bbox 1145 714 1224 780; x_wconf 89' lang='lat' dir='ltr'>haec</span> <span class='ocrx_word' id='word_1_39' title='bbox 1247 718 1280 779; x_wconf 85' lang='lat' dir='ltr'>et</span> <span class='ocrx_word' id='word_1_40' title='bbox 1301 735 1383 798; x_wconf 91' lang='lat' dir='ltr'>quae</span> 
     </span>
     <span class='ocr_line' id='line_1_6' title="bbox 185 814 1383 898; baseline 0.002 -21"><span class='ocrx_word' id='word_1_41' title='bbox 185 818 350 898; x_wconf 87' lang='lat' dir='ltr'>praeterea</span> <span class='ocrx_word' id='word_1_42' title='bbox 372 836 388 878; x_wconf 94' lang='lat' dir='ltr'>e</span> <span class='ocrx_word' id='word_1_43' title='bbox 411 815 571 879; x_wconf 89' lang='lat' dir='ltr'>veteribus</span> <span class='ocrx_word' id='word_1_44' title='bbox 594 814 787 880; x_wconf 85' lang='lat' dir='ltr'>editionibus</span> <span class='ocrx_word' id='word_1_45' title='bbox 810 815 963 880; x_wconf 88' lang='lat' dir='ltr'>adnotata</span> <span class='ocrx_word' id='word_1_46' title='bbox 990 818 1066 880; x_wconf 92' lang='lat' dir='ltr'>sunt</span> <span class='ocrx_word' id='word_1_47' title='bbox 1089 815 1290 880; x_wconf 89' lang='lat' dir='ltr'>coniecturae</span> <span class='ocrx_word' id='word_1_48' title='bbox 1311 815 1383 879; x_wconf 91' lang='lat' dir='ltr'>loco</span> 
     </span>
     <span class='ocr_line' id='line_1_7' title="bbox 186 915 590 1001; baseline -0.002 -21"><span class='ocrx_word' id='word_1_49' title='bbox 186 915 334 981; x_wconf 88' lang='lat' dir='ltr'>habenda</span> <span class='ocrx_word' id='word_1_50' title='bbox 356 937 424 980; x_wconf 91' lang='lat' dir='ltr'>esse</span> <span class='ocrx_word' id='word_1_51' title='bbox 447 920 590 1001; x_wconf 89' lang='lat' dir='ltr'>apparet.</span> 
     </span>
    </p>
   </div>
   <div class='ocr_carea' id='block_1_3' title="bbox 183 1068 1386 2762">
    <p class='ocr_par' dir='ltr' id='par_1_3' title="bbox 183 1068 1386 2762">
     <span class='ocr_line' id='line_1_8' title="bbox 273 1068 1386 1154; baseline 0.003 -22"><span class='ocrx_word' id='word_1_52' title='bbox 273 1068 426 1133; x_wconf 87' lang='lat' dir='ltr'>Ordinem</span> <span class='ocrx_word' id='word_1_53' title='bbox 449 1069 658 1153; x_wconf 85' lang='lat' dir='ltr'>epistularum</span> <span class='ocrx_word' id='word_1_54' title='bbox 687 1069 814 1134; x_wconf 89' lang='lat' dir='ltr'>restitui</span> <span class='ocrx_word' id='word_1_55' title='bbox 837 1089 909 1133; x_wconf 88' lang='lat' dir='ltr'>eum</span> <span class='ocrx_word' id='word_1_56' title='bbox 930 1069 985 1153; x_wconf 88' lang='lat' dir='ltr'>qui</span> <span class='ocrx_word' id='word_1_57' title='bbox 1007 1069 1042 1132; x_wconf 91' lang='lat' dir='ltr'>in</span> <span class='ocrx_word' id='word_1_58' title='bbox 1065 1069 1298 1154; x_wconf 82' lang='lat' dir='ltr'>antiquissimis</span> <span class='ocrx_word' id='word_1_59' title='bbox 1320 1069 1386 1135; x_wconf 91' lang='lat' dir='ltr'>edi-</span> 
     </span>
     <span class='ocr_line' id='line_1_9' title="bbox 183 1169 1384 1256; baseline 0.002 -22"><span class='ocrx_word' id='word_1_60' title='bbox 183 1171 324 1235; x_wconf 86' lang='lat' dir='ltr'>tionibus</span> <span class='ocrx_word' id='word_1_61' title='bbox 347 1169 419 1234; x_wconf 85' lang='lat' dir='ltr'>fuit.</span> <span class='ocrx_word' id='word_1_62' title='bbox 443 1193 517 1234; x_wconf 92' lang='lat' dir='ltr'>nam</span> <span class='ocrx_word' id='word_1_63' title='bbox 540 1169 626 1234; x_wconf 89' lang='lat' dir='ltr'>hunc</span> <span class='ocrx_word' id='word_1_64' title='bbox 649 1173 681 1235; x_wconf 95' lang='lat' dir='ltr'>et</span> <span class='ocrx_word' id='word_1_65' title='bbox 702 1169 737 1234; x_wconf 93' lang='lat' dir='ltr'>in</span> <span class='ocrx_word' id='word_1_66' title='bbox 760 1170 869 1236; x_wconf 89' lang='lat' dir='ltr'>codice</span> <span class='ocrx_word' id='word_1_67' title='bbox 891 1170 1125 1255; x_wconf 88' lang='lat' dir='ltr'>manuscripto</span> <span class='ocrx_word' id='word_1_68' title='bbox 1147 1170 1246 1236; x_wconf 83' lang='lat' dir='ltr'>fuisse</span> <span class='ocrx_word' id='word_1_69' title='bbox 1268 1171 1384 1256; x_wconf 90' lang='lat' dir='ltr'>proba-</span> 
     </span>
     <span class='ocr_line' id='line_1_10' title="bbox 186 1272 1386 1356; baseline 0.002 -20"><span class='ocrx_word' id='word_1_70' title='bbox 186 1272 249 1336; x_wconf 89' lang='lat' dir='ltr'>bile</span> <span class='ocrx_word' id='word_1_71' title='bbox 283 1275 349 1355; x_wconf 89' lang='lat' dir='ltr'>est,</span> <span class='ocrx_word' id='word_1_72' title='bbox 381 1279 414 1335; x_wconf 85' lang='lat' dir='ltr'>et</span> <span class='ocrx_word' id='word_1_73' title='bbox 446 1276 626 1356; x_wconf 89' lang='lat' dir='ltr'>temporum</span> <span class='ocrx_word' id='word_1_74' title='bbox 648 1272 826 1337; x_wconf 90' lang='lat' dir='ltr'>rationibus</span> <span class='ocrx_word' id='word_1_75' title='bbox 859 1272 986 1338; x_wconf 88' lang='lat' dir='ltr'>defendi</span> <span class='ocrx_word' id='word_1_76' title='bbox 1016 1293 1119 1356; x_wconf 88' lang='lat' dir='ltr'>nuper</span> <span class='ocrx_word' id='word_1_77' title='bbox 1152 1272 1386 1339; x_wconf 89' lang='lat' dir='ltr'>demonstravit</span> 
     </span>
     <span class='ocr_line' id='line_1_11' title="bbox 185 1371 1382 1460; baseline 0.004 -23"><span class='ocrx_word' id='word_1_78' title='bbox 185 1373 403 1438; x_wconf 91' lang='lat' dir='ltr'>Mommsenus</span> <span class='ocrx_word' id='word_1_79' title='bbox 426 1371 537 1439; x_wconf 86' lang='lat' dir='ltr'>Herm.</span> <span class='ocrx_word' id='word_1_80' title='bbox 562 1396 591 1436; x_wconf 92' lang='lat' dir='ltr'>v.</span> <span class='ocrx_word' id='word_1_81' title='bbox 614 1372 664 1437; x_wconf 93' lang='lat' dir='ltr'>III</span> <span class='ocrx_word' id='word_1_82' title='bbox 687 1373 728 1458; x_wconf 92' lang='lat' dir='ltr'>(a.</span> <span class='ocrx_word' id='word_1_83' title='bbox 755 1373 851 1460; x_wconf 88' lang='grc'>1869)</span> <span class='ocrx_word' id='word_1_84' title='bbox 874 1396 905 1457; x_wconf 96' lang='lat' dir='ltr'>p.</span> <span class='ocrx_word' id='word_1_85' title='bbox 921 1374 974 1439; x_wconf 85' lang='lat'>53.</span> <span class='ocrx_word' id='word_1_86' title='bbox 998 1396 1098 1457; x_wconf 87' lang='lat' dir='ltr'>pravo</span> <span class='ocrx_word' id='word_1_87' title='bbox 1120 1377 1226 1439; x_wconf 88' lang='lat' dir='ltr'>autem</span> <span class='ocrx_word' id='word_1_88' title='bbox 1250 1375 1382 1442; x_wconf 90' lang='lat' dir='ltr'>invento</span> 
     </span>
     <span class='ocr_line' id='line_1_12' title="bbox 185 1473 1380 1560; baseline 0.004 -22"><span class='ocrx_word' id='word_1_89' title='bbox 185 1476 323 1559; x_wconf 91' lang='lat' dir='ltr'>primus,</span> <span class='ocrx_word' id='word_1_90' title='bbox 347 1475 431 1558; x_wconf 89' lang='lat' dir='ltr'>quod</span> <span class='ocrx_word' id='word_1_91' title='bbox 453 1475 569 1558; x_wconf 88' lang='lat' dir='ltr'>sciam,</span> <span class='ocrx_word' id='word_1_92' title='bbox 594 1473 754 1540; x_wconf 92' lang='lat' dir='ltr'>Henricus</span> <span class='ocrx_word' id='word_1_93' title='bbox 777 1475 960 1560; x_wconf 82' lang='lat' dir='ltr'>Stephanus</span> <span class='ocrx_word' id='word_1_94' title='bbox 983 1498 1010 1540; x_wconf 90' lang='lat' dir='ltr'>a.</span> <span class='ocrx_word' id='word_1_95' title='bbox 1029 1475 1109 1541; x_wconf 85' lang='lat'>1581</span> <span class='ocrx_word' id='word_1_96' title='bbox 1134 1480 1274 1542; x_wconf 90' lang='lat' dir='ltr'>veterem</span> <span class='ocrx_word' id='word_1_97' title='bbox 1296 1479 1380 1543; x_wconf 91' lang='lat' dir='ltr'>ordi·</span> 
     </span>
     <span class='ocr_line' id='line_1_13' title="bbox 186 1577 1381 1665; baseline 0.003 -24"><span class='ocrx_word' id='word_1_98' title='bbox 186 1600 260 1642; x_wconf 93' lang='lat' dir='ltr'>nem</span> <span class='ocrx_word' id='word_1_99' title='bbox 281 1579 328 1641; x_wconf 91' lang='lat' dir='ltr'>ita</span> <span class='ocrx_word' id='word_1_100' title='bbox 349 1577 501 1659; x_wconf 89' lang='lat' dir='ltr'>mutavit,</span> <span class='ocrx_word' id='word_1_101' title='bbox 524 1580 561 1641; x_wconf 93' lang='lat' dir='ltr'>ut</span> <span class='ocrx_word' id='word_1_102' title='bbox 583 1598 636 1642; x_wconf 86' lang='lat' dir='ltr'>eas</span> <span class='ocrx_word' id='word_1_103' title='bbox 659 1577 830 1663; x_wconf 81' lang='lat' dir='ltr'>epistulas,</span> <span class='ocrx_word' id='word_1_104' title='bbox 854 1578 968 1663; x_wconf 90' lang='lat' dir='ltr'>quibus</span> <span class='ocrx_word' id='word_1_105' title='bbox 984 1578 1158 1662; x_wconf 80' lang='lat' dir='ltr'>rescriptae</span> <span class='ocrx_word' id='word_1_106' title='bbox 1182 1580 1221 1643; x_wconf 91' lang='lat' dir='ltr'>ab</span> <span class='ocrx_word' id='word_1_107' title='bbox 1243 1580 1381 1665; x_wconf 90' lang='lat' dir='ltr'>impera-</span> 
     </span>
     <span class='ocr_line' id='line_1_14' title="bbox 185 1677 1384 1766; baseline 0.004 -23"><span class='ocrx_word' id='word_1_108' title='bbox 185 1683 255 1743; x_wconf 83' lang='lat' dir='ltr'>tore</span> <span class='ocrx_word' id='word_1_109' title='bbox 278 1677 434 1762; x_wconf 88' lang='lat' dir='ltr'>epistulae</span> <span class='ocrx_word' id='word_1_110' title='bbox 457 1677 584 1743; x_wconf 90' lang='lat' dir='ltr'>additae</span> <span class='ocrx_word' id='word_1_111' title='bbox 606 1682 691 1762; x_wconf 91' lang='lat' dir='ltr'>sunt,</span> <span class='ocrx_word' id='word_1_112' title='bbox 716 1701 735 1742; x_wconf 90' lang='lat' dir='ltr'>a</span> <span class='ocrx_word' id='word_1_113' title='bbox 756 1679 880 1763; x_wconf 91' lang='lat' dir='ltr'>reliqua</span> <span class='ocrx_word' id='word_1_114' title='bbox 894 1682 986 1764; x_wconf 88' lang='lat' dir='ltr'>parte</span> <span class='ocrx_word' id='word_1_115' title='bbox 1006 1684 1197 1766; x_wconf 83' lang='lat' dir='ltr'>segregaret</span> <span class='ocrx_word' id='word_1_116' title='bbox 1219 1684 1252 1746; x_wconf 89' lang='lat' dir='ltr'>et</span> <span class='ocrx_word' id='word_1_117' title='bbox 1274 1681 1384 1748; x_wconf 88' lang='lat' dir='ltr'>addita</span> 
     </span>
     <span class='ocr_line' id='line_1_15' title="bbox 186 1777 1379 1865; baseline 0.003 -20"><span class='ocrx_word' id='word_1_118' title='bbox 186 1803 268 1846; x_wconf 90' lang='lat' dir='ltr'>nova</span> <span class='ocrx_word' id='word_1_119' title='bbox 303 1781 514 1864; x_wconf 89' lang='lat' dir='ltr'>inscriptione</span> <span class='ocrx_word' id='word_1_120' title='bbox 544 1780 754 1865; x_wconf 88' lang='lat' dir='ltr'>epistularum</span> <span class='ocrx_word' id='word_1_121' title='bbox 781 1780 879 1845; x_wconf 89' lang='lat' dir='ltr'>Plinii</span> <span class='ocrx_word' id='word_1_122' title='bbox 912 1785 945 1846; x_wconf 90' lang='lat' dir='ltr'>et</span> <span class='ocrx_word' id='word_1_123' title='bbox 970 1777 1102 1846; x_wconf 84' lang='lat' dir='ltr'>Traiani</span> <span class='ocrx_word' id='word_1_124' title='bbox 1136 1785 1318 1849; x_wconf 90' lang='lat' dir='ltr'>mutuarum</span> <span class='ocrx_word' id='word_1_125' title='bbox 1345 1784 1379 1849; x_wconf 89' lang='lat' dir='ltr'>in</span> 
     </span>
     <span class='ocr_line' id='line_1_16' title="bbox 186 1882 1383 1968; baseline 0.003 -21"><span class='ocrx_word' id='word_1_126' title='bbox 186 1883 283 1947; x_wconf 87' lang='lat' dir='ltr'>finem</span> <span class='ocrx_word' id='word_1_127' title='bbox 304 1882 449 1948; x_wconf 86' lang='lat' dir='ltr'>reiceret.</span> <span class='ocrx_word' id='word_1_128' title='bbox 488 1883 572 1967; x_wconf 90' lang='lat' dir='ltr'>quod</span> <span class='ocrx_word' id='word_1_129' title='bbox 595 1883 775 1968; x_wconf 85' lang='lat' dir='ltr'>exemplum</span> <span class='ocrx_word' id='word_1_130' title='bbox 804 1883 918 1948; x_wconf 89' lang='lat' dir='ltr'>deinde</span> <span class='ocrx_word' id='word_1_131' title='bbox 946 1883 1076 1967; x_wconf 92' lang='lat' dir='ltr'>plurimi</span> <span class='ocrx_word' id='word_1_132' title='bbox 1107 1882 1242 1948; x_wconf 87' lang='lat' dir='ltr'>editores</span> <span class='ocrx_word' id='word_1_133' title='bbox 1265 1886 1383 1950; x_wconf 88' lang='lat' dir='ltr'>imitati</span> 
     </span>
     <span class='ocr_line' id='line_1_17' title="bbox 187 1985 1385 2071; baseline 0.003 -22"><span class='ocrx_word' id='word_1_134' title='bbox 187 1988 278 2067; x_wconf 71' lang='lat' dir='ltr'>sunt,</span> <span class='ocrx_word' id='word_1_135' title='bbox 301 2005 367 2048; x_wconf 92' lang='lat' dir='ltr'>non</span> <span class='ocrx_word' id='word_1_136' title='bbox 389 1985 468 2048; x_wconf 92' lang='lat' dir='ltr'>nulli</span> <span class='ocrx_word' id='word_1_137' title='bbox 492 1985 588 2048; x_wconf 89' lang='lat' dir='ltr'>etiam</span> <span class='ocrx_word' id='word_1_138' title='bbox 611 1985 646 2048; x_wconf 91' lang='lat' dir='ltr'>in</span> <span class='ocrx_word' id='word_1_139' title='bbox 668 1989 803 2069; x_wconf 88' lang='lat' dir='ltr'>utraque</span> <span class='ocrx_word' id='word_1_140' title='bbox 817 1987 908 2069; x_wconf 90' lang='lat' dir='ltr'>parte</span> <span class='ocrx_word' id='word_1_141' title='bbox 930 2007 1033 2071; x_wconf 89' lang='lat' dir='ltr'>pauca</span> <span class='ocrx_word' id='word_1_142' title='bbox 1048 1988 1263 2052; x_wconf 86' lang='lat' dir='ltr'>mutaverunt.</span> <span class='ocrx_word' id='word_1_143' title='bbox 1294 2008 1385 2071; x_wconf 88' lang='lat' dir='ltr'>prae·</span> 
     </span>
     <span class='ocr_line' id='line_1_18' title="bbox 187 2086 1382 2172; baseline 0.002 -21"><span class='ocrx_word' id='word_1_144' title='bbox 187 2091 275 2151; x_wconf 83' lang='lat' dir='ltr'>terea</span> <span class='ocrx_word' id='word_1_145' title='bbox 302 2087 337 2151; x_wconf 95' lang='lat' dir='ltr'>in</span> <span class='ocrx_word' id='word_1_146' title='bbox 359 2107 396 2149; x_wconf 92' lang='lat' dir='ltr'>ea</span> <span class='ocrx_word' id='word_1_147' title='bbox 425 2108 459 2150; x_wconf 93' lang='lat' dir='ltr'>re</span> <span class='ocrx_word' id='word_1_148' title='bbox 486 2089 627 2151; x_wconf 89' lang='lat' dir='ltr'>veterem</span> <span class='ocrx_word' id='word_1_149' title='bbox 648 2086 806 2150; x_wconf 91' lang='lat' dir='ltr'>rationem</span> <span class='ocrx_word' id='word_1_150' title='bbox 829 2086 991 2171; x_wconf 87' lang='lat' dir='ltr'>revocavi,</span> <span class='ocrx_word' id='word_1_151' title='bbox 1021 2088 1115 2172; x_wconf 87' lang='lat' dir='ltr'>quod,</span> <span class='ocrx_word' id='word_1_152' title='bbox 1147 2109 1218 2154; x_wconf 89' lang='lat' dir='ltr'>cum</span> <span class='ocrx_word' id='word_1_153' title='bbox 1242 2088 1317 2153; x_wconf 88' lang='lat' dir='ltr'>inde</span> <span class='ocrx_word' id='word_1_154' title='bbox 1340 2089 1382 2153; x_wconf 91' lang='lat' dir='ltr'>ab</span> 
     </span>
     <span class='ocr_line' id='line_1_19' title="bbox 186 2187 1384 2274; baseline 0 -20"><span class='ocrx_word' id='word_1_155' title='bbox 186 2189 263 2254; x_wconf 86' lang='lat' dir='ltr'>Aldi</span> <span class='ocrx_word' id='word_1_156' title='bbox 285 2187 424 2253; x_wconf 90' lang='lat' dir='ltr'>editione</span> <span class='ocrx_word' id='word_1_157' title='bbox 446 2187 505 2254; x_wconf 91' lang='lat' dir='ltr'>hae</span> <span class='ocrx_word' id='word_1_158' title='bbox 528 2187 684 2273; x_wconf 88' lang='lat' dir='ltr'>epistulae</span> <span class='ocrx_word' id='word_1_159' title='bbox 707 2188 829 2253; x_wconf 88' lang='lat' dir='ltr'>decimo</span> <span class='ocrx_word' id='word_1_160' title='bbox 860 2188 942 2254; x_wconf 91' lang='lat' dir='ltr'>libro</span> <span class='ocrx_word' id='word_1_161' title='bbox 965 2189 1213 2274; x_wconf 89' lang='lat' dir='ltr'>comprehensae</span> <span class='ocrx_word' id='word_1_162' title='bbox 1241 2212 1313 2256; x_wconf 90' lang='lat' dir='ltr'>cum</span> <span class='ocrx_word' id='word_1_163' title='bbox 1335 2212 1384 2254; x_wconf 91' lang='lat' dir='ltr'>re-</span> 
     </span>
     <span class='ocr_line' id='line_1_20' title="bbox 187 2290 1382 2376; baseline 0.003 -22"><span class='ocrx_word' id='word_1_164' title='bbox 187 2291 283 2374; x_wconf 91' lang='lat' dir='ltr'>liquis</span> <span class='ocrx_word' id='word_1_165' title='bbox 314 2311 429 2355; x_wconf 88' lang='lat' dir='ltr'>novem</span> <span class='ocrx_word' id='word_1_166' title='bbox 458 2290 548 2354; x_wconf 89' lang='lat' dir='ltr'>libris</span> <span class='ocrx_word' id='word_1_167' title='bbox 577 2291 766 2355; x_wconf 90' lang='lat' dir='ltr'>coniunctae</span> <span class='ocrx_word' id='word_1_168' title='bbox 800 2293 907 2355; x_wconf 88' lang='lat' dir='ltr'>essent</span> <span class='ocrx_word' id='word_1_169' title='bbox 918 2341 928 2373; x_wconf 97' lang='lat'>,</span> <span class='ocrx_word' id='word_1_170' title='bbox 963 2293 1131 2376; x_wconf 92' lang='lat' dir='ltr'>utramque</span> <span class='ocrx_word' id='word_1_171' title='bbox 1160 2291 1382 2357; x_wconf 88' lang='lat' dir='ltr'>collectionem</span> 
     </span>
     <span class='ocr_line' id='line_1_21' title="bbox 187 2374 1385 2477; baseline 0.003 -21"><span class='ocrx_word' id='word_1_172' title='bbox 187 2414 245 2477; x_wconf 88' lang='lat' dir='ltr'>per</span> <span class='ocrx_word' id='word_1_173' title='bbox 259 2374 417 2476; x_wconf 79' lang='lat' dir='ltr'>seposui.</span> <span class='ocrx_word' id='word_1_174' title='bbox 441 2413 517 2456; x_wconf 89' lang='lat' dir='ltr'>nam</span> <span class='ocrx_word' id='word_1_175' title='bbox 539 2391 615 2456; x_wconf 91' lang='lat' dir='ltr'>olim</span> <span class='ocrx_word' id='word_1_176' title='bbox 639 2413 710 2457; x_wconf 90' lang='lat' dir='ltr'>cum</span> <span class='ocrx_word' id='word_1_177' title='bbox 732 2414 847 2457; x_wconf 90' lang='lat' dir='ltr'>novem</span> <span class='ocrx_word' id='word_1_178' title='bbox 863 2392 952 2457; x_wconf 91' lang='lat' dir='ltr'>libris</span> <span class='ocrx_word' id='word_1_179' title='bbox 975 2413 1041 2458; x_wconf 89' lang='lat' dir='ltr'>non</span> <span class='ocrx_word' id='word_1_180' title='bbox 1058 2392 1263 2459; x_wconf 89' lang='lat' dir='ltr'>coniunctum</span> <span class='ocrx_word' id='word_1_181' title='bbox 1285 2394 1385 2459; x_wconf 89' lang='lat' dir='ltr'>fuisse</span> 
     </span>
     <span class='ocr_line' id='line_1_22' title="bbox 187 2492 1382 2581; baseline 0.002 -23"><span class='ocrx_word' id='word_1_182' title='bbox 187 2493 274 2559; x_wconf 91' lang='lat' dir='ltr'>hunc</span> <span class='ocrx_word' id='word_1_183' title='bbox 296 2493 481 2559; x_wconf 88' lang='lat' dir='ltr'>testimonio</span> <span class='ocrx_word' id='word_1_184' title='bbox 512 2497 639 2559; x_wconf 87' lang='lat' dir='ltr'>constat</span> <span class='ocrx_word' id='word_1_185' title='bbox 667 2492 790 2560; x_wconf 85' lang='lat' dir='ltr'>Sidonii</span> <span class='ocrx_word' id='word_1_186' title='bbox 813 2494 1008 2578; x_wconf 83' lang='lat' dir='ltr'>Apollinaris</span> <span class='ocrx_word' id='word_1_187' title='bbox 1037 2495 1130 2579; x_wconf 90' lang='lat' dir='ltr'>epist.</span> <span class='ocrx_word' id='word_1_188' title='bbox 1155 2493 1202 2560; x_wconf 91' lang='lat' dir='ltr'>IX</span> <span class='ocrx_word' id='word_1_189' title='bbox 1227 2497 1254 2559; x_wconf 92' lang='lat'>1.</span> <span class='ocrx_word' id='word_1_190' title='bbox 1278 2517 1382 2581; x_wconf 90' lang='lat' dir='ltr'>neque</span> 
     </span>
     <span class='ocr_line' id='line_1_23' title="bbox 188 2595 1385 2678; baseline 0.003 -19"><span class='ocrx_word' id='word_1_191' title='bbox 188 2596 222 2660; x_wconf 92' lang='lat' dir='ltr'>id</span> <span class='ocrx_word' id='word_1_192' title='bbox 253 2595 370 2661; x_wconf 90' lang='lat' dir='ltr'>codicis</span> <span class='ocrx_word' id='word_1_193' title='bbox 400 2596 611 2678; x_wconf 87' lang='lat' dir='ltr'>auctoritate,</span> <span class='ocrx_word' id='word_1_194' title='bbox 651 2596 705 2660; x_wconf 92' lang='lat' dir='ltr'>sed</span> <span class='ocrx_word' id='word_1_195' title='bbox 735 2617 792 2660; x_wconf 88' lang='lat' dir='ltr'>suo</span> <span class='ocrx_word' id='word_1_196' title='bbox 824 2596 954 2660; x_wconf 91' lang='lat' dir='ltr'>invento</span> <span class='ocrx_word' id='word_1_197' title='bbox 981 2595 1098 2660; x_wconf 83' lang='lat' dir='ltr'>Aldum</span> <span class='ocrx_word' id='word_1_198' title='bbox 1132 2596 1178 2659; x_wconf 90' lang='lat' dir='ltr'>ita</span> <span class='ocrx_word' id='word_1_199' title='bbox 1208 2597 1385 2662; x_wconf 87' lang='lat' dir='ltr'>instituisse</span> 
     </span>
     <span class='ocr_line' id='line_1_24' title="bbox 194 2698 297 2762; baseline -0.01 0"><span class='ocrx_word' id='word_1_200' title='bbox 194 2698 297 2762; x_wconf 91' lang='lat' dir='ltr'>credo.</span> 
     </span>
    </p>
   </div>
   <div class='ocr_carea' id='block_1_4' title="bbox 189 2850 1390 4564">
    <p class='ocr_par' dir='ltr' id='par_1_4' title="bbox 189 2850 1390 4564">
     <span class='ocr_line' id='line_1_25' title="bbox 273 2850 1383 2935; baseline 0.001 -19"><span class='ocrx_word' id='word_1_201' title='bbox 273 2850 321 2916; x_wconf 79' lang='lat' dir='ltr'>Er</span> <span class='ocrx_word' id='word_1_202' title='bbox 350 2851 549 2915; x_wconf 90' lang='lat' dir='ltr'>orationibus</span> <span class='ocrx_word' id='word_1_203' title='bbox 577 2851 675 2916; x_wconf 92' lang='lat' dir='ltr'>Plinii</span> <span class='ocrx_word' id='word_1_204' title='bbox 702 2872 768 2916; x_wconf 87' lang='lat' dir='ltr'>una</span> <span class='ocrx_word' id='word_1_205' title='bbox 796 2853 934 2916; x_wconf 87' lang='lat' dir='ltr'>aetatem</span> <span class='ocrx_word' id='word_1_206' title='bbox 962 2850 1051 2933; x_wconf 88' lang='lat' dir='ltr'>tulit,</span> <span class='ocrx_word' id='word_1_207' title='bbox 1080 2873 1176 2934; x_wconf 90' lang='lat' dir='ltr'>quam</span> <span class='ocrx_word' id='word_1_208' title='bbox 1203 2874 1288 2916; x_wconf 89' lang='lat' dir='ltr'>anno</span> <span class='ocrx_word' id='word_1_209' title='bbox 1312 2853 1383 2935; x_wconf 88' lang='lat'>100,</span> 
     </span>
     <span class='ocr_line' id='line_1_26' title="bbox 190 2952 1383 3039; baseline 0.001 -21"><span class='ocrx_word' id='word_1_210' title='bbox 190 2975 261 3018; x_wconf 90' lang='lat' dir='ltr'>cum</span> <span class='ocrx_word' id='word_1_211' title='bbox 285 2953 485 3019; x_wconf 90' lang='lat' dir='ltr'>consulatum</span> <span class='ocrx_word' id='word_1_212' title='bbox 512 2955 625 3038; x_wconf 90' lang='lat' dir='ltr'>iniret,</span> <span class='ocrx_word' id='word_1_213' title='bbox 655 2955 689 3018; x_wconf 92' lang='lat' dir='ltr'>in</span> <span class='ocrx_word' id='word_1_214' title='bbox 717 2955 847 3036; x_wconf 90' lang='lat' dir='ltr'>senatu,</span> <span class='ocrx_word' id='word_1_215' title='bbox 876 2955 913 3017; x_wconf 90' lang='lat' dir='ltr'>ut</span> <span class='ocrx_word' id='word_1_216' title='bbox 941 2952 1080 3037; x_wconf 89' lang='lat' dir='ltr'>principi</span> <span class='ocrx_word' id='word_1_217' title='bbox 1111 2953 1234 3039; x_wconf 85' lang='lat' dir='ltr'>gratias</span> <span class='ocrx_word' id='word_1_218' title='bbox 1261 2958 1383 3039; x_wconf 88' lang='lat' dir='ltr'>ageret,</span> 
     </span>
     <span class='ocr_line' id='line_1_27' title="bbox 189 3054 1384 3140; baseline 0.003 -22"><span class='ocrx_word' id='word_1_219' title='bbox 189 3054 316 3138; x_wconf 90' lang='lat' dir='ltr'>habuit,</span> <span class='ocrx_word' id='word_1_220' title='bbox 345 3058 456 3139; x_wconf 87' lang='lat' dir='ltr'>postea</span> <span class='ocrx_word' id='word_1_221' title='bbox 484 3077 503 3120; x_wconf 92' lang='lat' dir='ltr'>a</span> <span class='ocrx_word' id='word_1_222' title='bbox 531 3077 564 3119; x_wconf 89' lang='lat' dir='ltr'>se</span> <span class='ocrx_word' id='word_1_223' title='bbox 586 3058 806 3137; x_wconf 88' lang='lat' dir='ltr'>retractatam,</span> <span class='ocrx_word' id='word_1_224' title='bbox 834 3057 870 3130; x_wconf 84' lang='lat' dir='ltr'>ut</span> <span class='ocrx_word' id='word_1_225' title='bbox 892 3054 1004 3119; x_wconf 89' lang='lat' dir='ltr'>scribit</span> <span class='ocrx_word' id='word_1_226' title='bbox 1027 3055 1118 3140; x_wconf 89' lang='lat' dir='ltr'>epist.</span> <span class='ocrx_word' id='word_1_227' title='bbox 1142 3054 1191 3119; x_wconf 92' lang='grc' dir='ltr'>ΙΙΙ</span> <span class='ocrx_word' id='word_1_228' title='bbox 1216 3057 1255 3121; x_wconf 87' lang='grc'>13</span> <span class='ocrx_word' id='word_1_229' title='bbox 1278 3060 1310 3122; x_wconf 90' lang='lat' dir='ltr'>et</span> <span class='ocrx_word' id='word_1_230' title='bbox 1335 3057 1384 3139; x_wconf 87' lang='lat'>18,</span> 
     </span>
     <span class='ocr_line' id='line_1_28' title="bbox 189 3155 1386 3240; baseline 0.001 -20"><span class='ocrx_word' id='word_1_231' title='bbox 189 3156 297 3221; x_wconf 91' lang='lat' dir='ltr'>edidit.</span> <span class='ocrx_word' id='word_1_232' title='bbox 336 3179 374 3221; x_wconf 89' lang='lat' dir='ltr'>ea</span> <span class='ocrx_word' id='word_1_233' title='bbox 396 3159 482 3221; x_wconf 92' lang='lat' dir='ltr'>enim</span> <span class='ocrx_word' id='word_1_234' title='bbox 505 3157 581 3221; x_wconf 92' lang='lat' dir='ltr'>olim</span> <span class='ocrx_word' id='word_1_235' title='bbox 604 3178 675 3221; x_wconf 90' lang='lat' dir='ltr'>cum</span> <span class='ocrx_word' id='word_1_236' title='bbox 698 3156 770 3220; x_wconf 91' lang='lat' dir='ltr'>aliis</span> <span class='ocrx_word' id='word_1_237' title='bbox 797 3155 997 3220; x_wconf 90' lang='lat' dir='ltr'>orationibus</span> <span class='ocrx_word' id='word_1_238' title='bbox 1025 3156 1166 3221; x_wconf 89' lang='lat' dir='ltr'>eiusdem</span> <span class='ocrx_word' id='word_1_239' title='bbox 1188 3157 1315 3240; x_wconf 90' lang='lat' dir='ltr'>quidem</span> <span class='ocrx_word' id='word_1_240' title='bbox 1337 3179 1386 3222; x_wconf 90' lang='lat' dir='ltr'>ar·</span> 
     </span>
     <span class='ocr_line' id='line_1_29' title="bbox 190 3257 1385 3343; baseline 0.002 -21"><span class='ocrx_word' id='word_1_241' title='bbox 190 3259 351 3343; x_wconf 86' lang='lat' dir='ltr'>gumenti,</span> <span class='ocrx_word' id='word_1_242' title='bbox 381 3259 436 3322; x_wconf 88' lang='lat' dir='ltr'>sed</span> <span class='ocrx_word' id='word_1_243' title='bbox 465 3259 565 3323; x_wconf 90' lang='lat' dir='ltr'>multo</span> <span class='ocrx_word' id='word_1_244' title='bbox 593 3258 757 3322; x_wconf 83' lang='lat' dir='ltr'>inferioris</span> <span class='ocrx_word' id='word_1_245' title='bbox 786 3257 900 3321; x_wconf 90' lang='lat' dir='ltr'>aetatis</span> <span class='ocrx_word' id='word_1_246' title='bbox 929 3257 1090 3322; x_wconf 90' lang='lat' dir='ltr'>communi</span> <span class='ocrx_word' id='word_1_247' title='bbox 1117 3260 1385 3343; x_wconf 82' lang='lat' dir='ltr'>panegyricorum</span> 
     </span>
     <span class='ocr_line' id='line_1_30' title="bbox 190 3358 1386 3444; baseline 0 -20"><span class='ocrx_word' id='word_1_248' title='bbox 190 3361 322 3425; x_wconf 91' lang='lat' dir='ltr'>nomine</span> <span class='ocrx_word' id='word_1_249' title='bbox 345 3358 575 3444; x_wconf 83' lang='lat' dir='ltr'>comprehensa</span> <span class='ocrx_word' id='word_1_250' title='bbox 596 3363 629 3424; x_wconf 89' lang='lat' dir='ltr'>et</span> <span class='ocrx_word' id='word_1_251' title='bbox 650 3360 685 3423; x_wconf 93' lang='lat' dir='ltr'>in</span> <span class='ocrx_word' id='word_1_252' title='bbox 707 3359 867 3444; x_wconf 90' lang='lat' dir='ltr'>principio</span> <span class='ocrx_word' id='word_1_253' title='bbox 890 3359 957 3423; x_wconf 88' lang='lat' dir='ltr'>eius</span> <span class='ocrx_word' id='word_1_254' title='bbox 974 3358 1171 3424; x_wconf 87' lang='lat' dir='ltr'>collectionis</span> <span class='ocrx_word' id='word_1_255' title='bbox 1193 3362 1298 3444; x_wconf 90' lang='lat' dir='ltr'>posita</span> <span class='ocrx_word' id='word_1_256' title='bbox 1319 3383 1386 3426; x_wconf 91' lang='lat' dir='ltr'>una</span> 
     </span>
     <span class='ocr_line' id='line_1_31' title="bbox 192 3447 1387 3547; baseline 0.001 -20"><span class='ocrx_word' id='word_1_257' title='bbox 192 3484 263 3527; x_wconf 89' lang='lat' dir='ltr'>eum</span> <span class='ocrx_word' id='word_1_258' title='bbox 285 3463 349 3527; x_wconf 91' lang='lat' dir='ltr'>illis</span> <span class='ocrx_word' id='word_1_259' title='bbox 370 3447 551 3546; x_wconf 84' lang='lat' dir='ltr'>propagata</span> <span class='ocrx_word' id='word_1_260' title='bbox 573 3465 632 3525; x_wconf 91' lang='lat' dir='ltr'>est.</span> <span class='ocrx_word' id='word_1_261' title='bbox 671 3462 742 3545; x_wconf 92' lang='lat' dir='ltr'>quis</span> <span class='ocrx_word' id='word_1_262' title='bbox 765 3463 870 3525; x_wconf 90' lang='lat' dir='ltr'>autem</span> <span class='ocrx_word' id='word_1_263' title='bbox 893 3461 1014 3543; x_wconf 88' lang='lat' dir='ltr'>primus</span> <span class='ocrx_word' id='word_1_264' title='bbox 1036 3460 1196 3525; x_wconf 88' lang='lat' dir='ltr'>orationes</span> <span class='ocrx_word' id='word_1_265' title='bbox 1221 3462 1387 3547; x_wconf 88' lang='lat' dir='ltr'>collegerit</span> 
     </span>
     <span class='ocr_line' id='line_1_32' title="bbox 190 3562 1386 3647; baseline 0.002 -19"><span class='ocrx_word' id='word_1_266' title='bbox 190 3564 240 3629; x_wconf 93' lang='lat' dir='ltr'>vel</span> <span class='ocrx_word' id='word_1_267' title='bbox 263 3584 324 3647; x_wconf 92' lang='lat' dir='ltr'>quo</span> <span class='ocrx_word' id='word_1_268' title='bbox 346 3566 489 3646; x_wconf 90' lang='lat' dir='ltr'>tempore</span> <span class='ocrx_word' id='word_1_269' title='bbox 511 3563 544 3626; x_wconf 90' lang='lat' dir='ltr'>id</span> <span class='ocrx_word' id='word_1_270' title='bbox 565 3562 687 3628; x_wconf 87' lang='lat' dir='ltr'>factum</span> <span class='ocrx_word' id='word_1_271' title='bbox 710 3562 762 3645; x_wconf 91' lang='lat' dir='ltr'>sit,</span> <span class='ocrx_word' id='word_1_272' title='bbox 786 3584 853 3628; x_wconf 92' lang='lat' dir='ltr'>non</span> <span class='ocrx_word' id='word_1_273' title='bbox 869 3564 1005 3627; x_wconf 86' lang='lat' dir='ltr'>constat.</span> <span class='ocrx_word' id='word_1_274' title='bbox 1036 3584 1112 3627; x_wconf 88' lang='lat' dir='ltr'>nam</span> <span class='ocrx_word' id='word_1_275' title='bbox 1134 3564 1237 3628; x_wconf 89' lang='lat' dir='ltr'>omnis</span> <span class='ocrx_word' id='word_1_276' title='bbox 1259 3564 1386 3630; x_wconf 92' lang='lat' dir='ltr'>illorum</span> 
     </span>
     <span class='ocr_line' id='line_1_33' title="bbox 190 3664 1387 3750; baseline 0.002 -21"><span class='ocrx_word' id='word_1_277' title='bbox 190 3665 458 3750; x_wconf 87' lang='lat' dir='ltr'>panegyricorum</span> <span class='ocrx_word' id='word_1_278' title='bbox 480 3666 533 3749; x_wconf 89' lang='lat' dir='ltr'>qui</span> <span class='ocrx_word' id='word_1_279' title='bbox 557 3665 706 3728; x_wconf 88' lang='lat' dir='ltr'>dicuntur</span> <span class='ocrx_word' id='word_1_280' title='bbox 727 3664 880 3728; x_wconf 87' lang='lat' dir='ltr'>memoria</span> <span class='ocrx_word' id='word_1_281' title='bbox 903 3670 967 3728; x_wconf 89' lang='lat' dir='ltr'>uno</span> <span class='ocrx_word' id='word_1_282' title='bbox 984 3664 1091 3729; x_wconf 89' lang='lat' dir='ltr'>codice</span> <span class='ocrx_word' id='word_1_283' title='bbox 1115 3665 1309 3748; x_wconf 88' lang='lat' dir='ltr'>continetur,</span> <span class='ocrx_word' id='word_1_284' title='bbox 1331 3668 1387 3750; x_wconf 87' lang='lat' dir='ltr'>qui</span> 
     </span>
     <span class='ocr_line' id='line_1_34' title="bbox 192 3765 1387 3851; baseline 0.003 -21"><span class='ocrx_word' id='word_1_285' title='bbox 192 3767 277 3830; x_wconf 87' lang='lat' dir='ltr'>circa</span> <span class='ocrx_word' id='word_1_286' title='bbox 299 3787 419 3830; x_wconf 89' lang='lat' dir='ltr'>annum</span> <span class='ocrx_word' id='word_1_287' title='bbox 443 3766 526 3831; x_wconf 75' lang='lat'>1432</span> <span class='ocrx_word' id='word_1_288' title='bbox 548 3765 736 3850; x_wconf 82' lang='lat' dir='ltr'>Magantiae</span> <span class='ocrx_word' id='word_1_289' title='bbox 758 3766 838 3849; x_wconf 88' lang='lat' dir='ltr'>fuit,</span> <span class='ocrx_word' id='word_1_290' title='bbox 867 3766 979 3850; x_wconf 89' lang='lat' dir='ltr'>paucis</span> <span class='ocrx_word' id='word_1_291' title='bbox 1006 3768 1100 3830; x_wconf 91' lang='lat' dir='ltr'>annis</span> <span class='ocrx_word' id='word_1_292' title='bbox 1122 3771 1213 3851; x_wconf 90' lang='lat' dir='ltr'>post,</span> <span class='ocrx_word' id='word_1_293' title='bbox 1243 3770 1280 3831; x_wconf 88' lang='lat' dir='ltr'>ut</span> <span class='ocrx_word' id='word_1_294' title='bbox 1301 3768 1387 3833; x_wconf 88' lang='lat' dir='ltr'>vide-</span> 
     </span>
     <span class='ocr_line' id='line_1_35' title="bbox 192 3866 1387 3954; baseline 0.002 -22"><span class='ocrx_word' id='word_1_295' title='bbox 192 3873 262 3952; x_wconf 88' lang='lat' dir='ltr'>tur,</span> <span class='ocrx_word' id='word_1_296' title='bbox 287 3867 401 3931; x_wconf 87' lang='lat' dir='ltr'>studiis</span> <span class='ocrx_word' id='word_1_297' title='bbox 423 3866 576 3932; x_wconf 91' lang='lat' dir='ltr'>Italorum</span> <span class='ocrx_word' id='word_1_298' title='bbox 599 3868 781 3954; x_wconf 87' lang='lat' dir='ltr'>divulgatus</span> <span class='ocrx_word' id='word_1_299' title='bbox 805 3870 862 3932; x_wconf 89' lang='lat' dir='ltr'>est.</span> <span class='ocrx_word' id='word_1_300' title='bbox 900 3868 988 3934; x_wconf 90' lang='lat' dir='ltr'>hunc</span> <span class='ocrx_word' id='word_1_301' title='bbox 1003 3871 1087 3951; x_wconf 91' lang='lat' dir='ltr'>tum,</span> <span class='ocrx_word' id='word_1_302' title='bbox 1113 3891 1184 3935; x_wconf 90' lang='lat' dir='ltr'>cum</span> <span class='ocrx_word' id='word_1_303' title='bbox 1199 3869 1387 3954; x_wconf 81' lang='lat' dir='ltr'>Magantiae</span> 
     </span>
     <span class='ocr_line' id='line_1_36' title="bbox 191 3968 1387 4055; baseline 0.001 -20"><span class='ocrx_word' id='word_1_304' title='bbox 191 3974 271 4049; x_wconf 89' lang='lat' dir='ltr'>erat,</span> <span class='ocrx_word' id='word_1_305' title='bbox 296 3969 375 4033; x_wconf 89' lang='lat' dir='ltr'>vidit</span> <span class='ocrx_word' id='word_1_306' title='bbox 386 3969 525 4034; x_wconf 89' lang='lat' dir='ltr'>Ioannes</span> <span class='ocrx_word' id='word_1_307' title='bbox 537 3971 692 4055; x_wconf 86' lang='lat' dir='ltr'>Aurispa,</span> <span class='ocrx_word' id='word_1_308' title='bbox 715 3970 815 4055; x_wconf 89' lang='lat' dir='ltr'>quiin</span> <span class='ocrx_word' id='word_1_309' title='bbox 827 3969 966 4054; x_wconf 88' lang='lat' dir='ltr'>epistula</span> <span class='ocrx_word' id='word_1_310' title='bbox 981 3970 1020 4034; x_wconf 86' lang='lat' dir='ltr'>ad</span> <span class='ocrx_word' id='word_1_311' title='bbox 1032 3968 1220 4035; x_wconf 88' lang='lat' dir='ltr'>lacobinum</span> <span class='ocrx_word' id='word_1_312' title='bbox 1235 3971 1387 4038; x_wconf 85' lang='lat' dir='ltr'>Thomasi</span> 
     </span>
     <span class='ocr_line' id='line_1_37' title="bbox 192 4070 1385 4157; baseline 0.001 -20"><span class='ocrx_word' id='word_1_313' title='bbox 192 4071 389 4137; x_wconf 86' lang='lat' dir='ltr'>Thebalduci</span> <span class='ocrx_word' id='word_1_314' title='bbox 400 4071 622 4137; x_wconf 81' lang='lat' dir='ltr'>Florentinum</span> <span class='ocrx_word' id='word_1_315' title='bbox 634 4070 780 4136; x_wconf 85' lang='lat' dir='ltr'>Basileae</span> <span class='ocrx_word' id='word_1_316' title='bbox 803 4093 840 4136; x_wconf 91' lang='lat' dir='ltr'>eo</span> <span class='ocrx_word' id='word_1_317' title='bbox 863 4093 949 4136; x_wconf 89' lang='lat' dir='ltr'>anno</span> <span class='ocrx_word' id='word_1_318' title='bbox 970 4094 1065 4157; x_wconf 85' lang='lat' dir='ltr'>quem</span> <span class='ocrx_word' id='word_1_319' title='bbox 1086 4072 1168 4157; x_wconf 88' lang='lat' dir='ltr'>dixi,</span> <span class='ocrx_word' id='word_1_320' title='bbox 1192 4077 1229 4138; x_wconf 91' lang='lat' dir='ltr'>ut</span> <span class='ocrx_word' id='word_1_321' title='bbox 1250 4074 1385 4157; x_wconf 89' lang='lat' dir='ltr'>videtur,</span> 
     </span>
     <span class='ocr_line' id='line_1_38' title="bbox 192 4173 1388 4260; baseline 0.001 -21"><span class='ocrx_word' id='word_1_322' title='bbox 192 4175 268 4239; x_wconf 88' lang='lat' dir='ltr'>data</span> <span class='ocrx_word' id='word_1_323' title='bbox 283 4174 322 4238; x_wconf 91' lang='lat' dir='ltr'>de</span> <span class='ocrx_word' id='word_1_324' title='bbox 337 4173 453 4239; x_wconf 92' lang='lat' dir='ltr'>itinere</span> <span class='ocrx_word' id='word_1_325' title='bbox 474 4196 533 4259; x_wconf 91' lang='lat' dir='ltr'>per</span> <span class='ocrx_word' id='word_1_326' title='bbox 545 4174 751 4239; x_wconf 83' lang='lat' dir='ltr'>Germaniam</span> <span class='ocrx_word' id='word_1_327' title='bbox 765 4174 852 4238; x_wconf 87' lang='lat' dir='ltr'>facto</span> <span class='ocrx_word' id='word_1_328' title='bbox 868 4173 1010 4239; x_wconf 91' lang='lat' dir='ltr'>scribens</span> <span class='ocrx_word' id='word_1_329' title='bbox 1026 4174 1216 4260; x_wconf 79' lang='lat' dir='ltr'>Magantiae</span> <span class='ocrx_word' id='word_1_330' title='bbox 1231 4175 1303 4239; x_wconf 91' lang='lat' dir='ltr'>illos</span> <span class='ocrx_word' id='word_1_331' title='bbox 1319 4198 1388 4241; x_wconf 88' lang='lat' dir='ltr'>ora-</span> 
     </span>
     <span class='ocr_line' id='line_1_39' title="bbox 193 4275 1387 4361; baseline 0.003 -21"><span class='ocrx_word' id='word_1_332' title='bbox 193 4277 297 4341; x_wconf 91' lang='lat' dir='ltr'>tiones</span> <span class='ocrx_word' id='word_1_333' title='bbox 312 4298 347 4340; x_wconf 91' lang='lat' dir='ltr'>se</span> <span class='ocrx_word' id='word_1_334' title='bbox 368 4275 485 4361; x_wconf 89' lang='lat' dir='ltr'>legisse</span> <span class='ocrx_word' id='word_1_335' title='bbox 507 4280 619 4341; x_wconf 87' lang='lat' dir='ltr'>narrat</span> <span class='ocrx_word' id='word_1_336' title='bbox 641 4275 690 4341; x_wconf 92' lang='lat' dir='ltr'>his</span> <span class='ocrx_word' id='word_1_337' title='bbox 705 4276 821 4359; x_wconf 88' lang='lat' dir='ltr'>verbis,</span> <span class='ocrx_word' id='word_1_338' title='bbox 844 4298 918 4356; x_wconf 82' lang='lat' dir='ltr'>pero</span> <span class='ocrx_word' id='word_1_339' title='bbox 939 4283 995 4342; x_wconf 85' lang='lat' dir='ltr'>cbc</span> <span class='ocrx_word' id='word_1_340' title='bbox 1016 4285 1045 4342; x_wconf 79' lang='lat' dir='ltr'>io</span> <span class='ocrx_word' id='word_1_341' title='bbox 1066 4283 1105 4342; x_wconf 80' lang='lat' dir='ltr'>Iro</span> <span class='ocrx_word' id='word_1_342' title='bbox 1128 4288 1247 4343; x_wconf 75' lang='lat' dir='ltr'>trovato</span> <span class='ocrx_word' id='word_1_343' title='bbox 1269 4285 1300 4342; x_wconf 75' lang='lat' dir='ltr'>ab</span> <span class='ocrx_word' id='word_1_344' title='bbox 1324 4302 1387 4344; x_wconf 81' lang='lat' dir='ltr'>aaa</span> 
     </span>
     <span class='ocr_line' id='line_1_40' title="bbox 191 4383 1390 4462; baseline 0.003 -19"><span class='ocrx_word' id='word_1_345' title='bbox 191 4385 373 4445; x_wconf 74' lang='lat' dir='ltr'>bibliotheca</span> <span class='ocrx_word' id='word_1_346' title='bbox 396 4399 416 4442; x_wconf 82' lang='lat' dir='ltr'>a</span> <span class='ocrx_word' id='word_1_347' title='bbox 437 4400 592 4458; x_wconf 69' lang='lat' dir='ltr'>mapunza</span> <span class='ocrx_word' id='word_1_348' title='bbox 615 4401 656 4442; x_wconf 82' lang='lat' dir='ltr'>uc</span> <span class='ocrx_word' id='word_1_349' title='bbox 678 4383 783 4444; x_wconf 79' lang='lat' dir='ltr'>codice</span> <span class='ocrx_word' id='word_1_350' title='bbox 805 4386 836 4442; x_wconf 78' lang='lat' dir='ltr'>ia</span> <span class='ocrx_word' id='word_1_351' title='bbox 858 4386 981 4458; x_wconf 78' lang='lat' dir='ltr'>loquele</span> <span class='ocrx_word' id='word_1_352' title='bbox 1002 4386 1030 4442; x_wconf 81' lang='lat' dir='ltr'>si</span> <span class='ocrx_word' id='word_1_353' title='bbox 1050 4401 1066 4442; x_wconf 86' lang='lat' dir='ltr'>e</span> <span class='ocrx_word' id='word_1_354' title='bbox 1088 4402 1128 4444; x_wconf 82' lang='lat' dir='ltr'>un</span> <span class='ocrx_word' id='word_1_355' title='bbox 1146 4388 1334 4462; x_wconf 68' lang='lat' dir='ltr'>panegyrico</span> <span class='ocrx_word' id='word_1_356' title='bbox 1355 4387 1390 4447; x_wconf 78' lang='lat' dir='ltr'>di</span> 
     </span>
     <span class='ocr_line' id='line_1_41' title="bbox 189 4487 1387 4564; baseline 0.003 -19"><span class='ocrx_word' id='word_1_357' title='bbox 189 4488 288 4564; x_wconf 76' lang='lat' dir='ltr'>plinio</span> <span class='ocrx_word' id='word_1_358' title='bbox 310 4504 328 4546; x_wconf 86' lang='lat' dir='ltr'>a</span> <span class='ocrx_word' id='word_1_359' title='bbox 351 4488 473 4547; x_wconf 80' lang='lat' dir='ltr'>troiano</span> <span class='ocrx_word' id='word_1_360' title='bbox 494 4489 569 4546; x_wconf 80' lang='lat' dir='ltr'>dala</span> <span class='ocrx_word' id='word_1_361' title='bbox 583 4488 672 4562; x_wconf 82' lang='lat' dir='ltr'>quale</span> <span class='ocrx_word' id='word_1_362' title='bbox 693 4500 752 4546; x_wconf 83' lang='lat' dir='ltr'>noc</span> <span class='ocrx_word' id='word_1_363' title='bbox 773 4488 847 4546; x_wconf 83' lang='lat' dir='ltr'>lesse</span> <span class='ocrx_word' id='word_1_364' title='bbox 868 4488 931 4545; x_wconf 81' lang='lat' dir='ltr'>mci</span> <span class='ocrx_word' id='word_1_365' title='bbox 948 4487 1002 4562; x_wconf 77' lang='lat' dir='ltr'>piu</span> <span class='ocrx_word' id='word_1_366' title='bbox 1025 4501 1117 4545; x_wconf 81' lang='lat' dir='ltr'>suave</span> <span class='ocrx_word' id='word_1_367' title='bbox 1136 4503 1217 4547; x_wconf 79' lang='lat' dir='ltr'>cosa.</span> <span class='ocrx_word' id='word_1_368' title='bbox 1242 4493 1272 4546; x_wconf 79' lang='lat' dir='ltr'>et</span> <span class='ocrx_word' id='word_1_369' title='bbox 1294 4490 1324 4547; x_wconf 78' lang='lat' dir='ltr'>in</span> <span class='ocrx_word' id='word_1_370' title='bbox 1339 4504 1387 4549; x_wconf 85' lang='lat' dir='ltr'>eo-</span> 
     </span>
    </p>
   </div>
   <div class='ocr_carea' id='block_1_5' title="bbox 0 0 1526 5062">
    <p class='ocr_par' dir='ltr' id='par_1_5' title="bbox 0 0 1526 5062">
     <span class='ocr_line' id='line_1_42' title="bbox 0 0 1526 5062; baseline 0 0"><span class='ocrx_word' id='word_1_371' title='bbox 0 0 1526 5062; x_wconf 95' lang='lat' dir='ltr'> </span> 
     </span>
    </p>
   </div>
  </div>
 </body>
</html>
