3024 5062
595 292 805 341 PRAEFATIO.
1195 292 1303 339 XLVII

102 443 198 508 valde
221 448 404 528 corruptum
426 443 526 508 fuisse
549 444 691 509 codicem
714 445 802 509 cuius
824 444 1010 530 apographa
1032 444 1186 509 habemus
1207 443 1301 508 intel-

103 543 227 629 legant.
265 544 381 609 deinde
402 567 493 629 vero,
524 546 676 631 quoniam
704 546 793 629 ipsae
815 546 1049 612 Ambrosianus
1071 545 1207 611 schedae
1229 568 1301 610 cum

104 645 177 711 aliis
200 647 290 712 vitiis
311 650 381 712 tum
403 648 653 733 interpolatione
675 647 869 731 depravatae
896 650 987 731 sunt,
1017 651 1165 712 neutram
1192 668 1301 712 recen-

102 749 228 812 sionem
250 749 329 814 satis
351 750 532 835 integram,
556 750 611 814 sed
632 749 734 814 multa
755 750 820 813 iam
842 749 976 833 antiquo
989 753 1133 833 tempore
1155 749 1190 812 in
1204 747 1302 812 Plinii

102 851 250 915 oratione
277 853 403 915 mutata
432 872 501 916 esse
530 853 675 935 apparet.
724 851 759 914 in
786 853 854 915 tam
882 851 1006 915 incerta
1033 850 1134 936 igitur
1155 850 1301 915 lectionis

102 950 166 1015 fide
189 973 262 1016 curn
283 952 367 1016 latus
396 953 598 1018 coniecturae
626 974 757 1036 campus
784 955 913 1036 apertus
936 955 1000 1036 est,
1029 956 1098 1016 tum
1131 952 1171 1016 ad
1198 953 1301 1035 ipsam

102 1051 204 1117 Plinii
241 1053 431 1136 scripturam
468 1053 700 1118 restituendam
737 1073 802 1117 non
840 1057 917 1118 satis
953 1053 1046 1117 firma
1078 1056 1191 1137 parata
1225 1056 1301 1116 sunt

101 1155 274 1239 praesidia.
1215 1228 1217 1234 ¹

189 1255 357 1321 Postremo
372 1257 410 1320 de
425 1257 635 1341 inscriptione
650 1256 806 1321 orationis
822 1256 1016 1321 monendum
1038 1258 1088 1320 est
1108 1257 1297 1340 panegyrici

100 1379 239 1442 nomen,
268 1358 352 1442 quod
381 1361 466 1423 carte
494 1379 513 1421 a
535 1357 641 1423 Plinio
668 1359 823 1442 scriptum
850 1379 917 1422 non
945 1361 1032 1441 erat,
1062 1360 1191 1440 praeter
1219 1358 1298 1422 duos

102 1459 241 1542 codices,
266 1480 399 1544 quorum
421 1459 575 1524 memoria
596 1459 709 1523 relicta
737 1462 802 1542 est,
825 1460 964 1524 inveniri
986 1460 1084 1524 etiam
1106 1459 1190 1543 apud
1212 1459 1300 1525 Sido·

98 1561 192 1625 nium
213 1560 434 1644 Apollinarem
452 1561 550 1644 epist.
575 1559 655 1624 VIII
680 1561 727 1624 10.
756 1560 880 1625 Plinius
902 1564 1025 1645 autem,
1055 1561 1082 1625 si
1104 1561 1196 1625 modo
1218 1566 1298 1644 tum,

99 1683 174 1726 cum
195 1662 374 1726 orationem
397 1662 521 1745 edebat,
546 1665 770 1747 argumentum
793 1683 857 1727 uno
880 1663 975 1728 verbo
992 1662 1134 1727 indicare
1160 1663 1298 1747 volebat,

98 1785 167 1828 non
189 1767 318 1848 potarat
339 1765 443 1829 dicere
472 1764 535 1828 nisi
563 1764 740 1848 gratiarum
762 1765 932 1829 actionem.
969 1786 1044 1829 nam
1072 1767 1105 1828 et
1131 1786 1299 1848 promere

99 1864 189 1928 illius
219 1866 335 1929 aetatis
363 1865 526 1931 orationes
554 1887 633 1950 quas
664 1865 810 1931 consules
832 1867 867 1930 in
889 1866 1044 1932 honorem
1065 1867 1220 1951 principis
1242 1866 1299 1931 ha-

99 1967 176 2030 bere
199 1970 431 2032 consueverant
451 1969 499 2032 ita
521 1967 622 2032 dictas
638 1989 707 2033 esse
722 1971 864 2052 constat,
889 1969 1012 2053 etipse
1033 1967 1157 2033 Plinius
1180 1967 1219 2033 de
1241 1991 1298 2033 sua

102 2069 249 2133 oratione
271 2069 332 2134 hac
354 2068 590 2154 significatione
612 2091 688 2133 usus
710 2072 760 2134 est
781 2070 924 2154 saepius,
947 2090 1023 2154 pan.
1040 2091 1066 2135 c.
1085 2069 1112 2132 1.
1135 2068 1165 2132 2.
1188 2070 1220 2133 3.
1244 2069 1295 2154 90,

102 2171 198 2253 epist.
224 2169 273 2235 ΙΙΙ
307 2171 357 2254 13,
392 2171 425 2254 13
460 2170 508 2254 18,
542 2173 576 2254 13
608 2171 779 2256 eodemque
809 2172 939 2236 nomine
970 2172 1005 2235 in
1032 2171 1297 2257 panegyricorum

100 2271 289 2338 collectione
326 2273 500 2357 inscriptae
538 2277 615 2338 sunt
648 2272 799 2338 Eumenii
837 2278 870 2339 et
902 2273 1087 2338 Mamertini
1124 2274 1295 2338 orationes.

100 2395 200 2458 quare
223 2378 256 2439 et
278 2374 354 2438 olim
377 2373 561 2438 Theodorus
583 2373 747 2439 Marcilius
769 2375 805 2439 in
827 2373 914 2441 Suet.
938 2375 1073 2460 Vespas.
1097 2376 1160 2443 c.2
1183 2378 1215 2440 et
1237 2398 1295 2440 nu-

99 2497 157 2560 per
185 2474 380 2541 Dicrauerus
417 2475 501 2560 apud
529 2474 749 2561 Biidingerum
777 2474 971 2541 Untersuch.
1007 2499 1033 2540 a.
1062 2480 1141 2541 rim.
1170 2475 1297 2542 Kaisar·

100 2576 211 2662 gcseh.
246 2577 316 2642 v.I
347 2599 379 2661 p.
412 2576 471 2641 188
504 2575 604 2641 Plinii
633 2577 773 2642 orationi
804 2577 889 2643 hanc
921 2579 1025 2663 ipsam
1055 2579 1297 2663 inscriptionem

100 2679 228 2744 restitui
250 2679 429 2743 voluerunt.
467 2678 586 2743 retinui
612 2681 723 2744 tamen
750 2680 939 2765 panegyrici
966 2701 1098 2763 nomen,
1128 2701 1194 2745 non
1220 2681 1296 2765 quia

101 2803 162 2846 usu
183 2780 340 2846 traditum
362 2783 447 2864 erat,
471 2780 527 2845 sed
546 2781 621 2865 quia
643 2780 699 2844 illa
714 2783 829 2865 aetate,
853 2781 1047 2867 ultraquam
1063 2785 1151 2847 certa
1171 2783 1297 2847 ratione

99 2883 277 2966 producere
300 2883 556 2948 emendationem
578 2904 643 2948 non
666 2882 757 2966 licet,
781 2883 827 2948 ita
850 2883 1038 2968 inscriptam
1059 2884 1159 2948 fuisse
1182 2885 1296 2947 oratio-

99 3006 175 3049 nam
199 2987 339 3050 constat.

258 3152 350 3219 Halis
374 3154 538 3220 Saxonum
560 3176 670 3220 mense
692 3131 825 3220 Octobri
847 3177 875 3220 a.
903 3155 994 3220 1869.
