3024 5062
227 276 288 342 184
747 293 777 340 c.
802 292 897 338 rnnu

225 470 291 531 me,
315 450 352 511 ut
373 447 536 512 verissime
558 446 690 530 dicitur,
720 447 817 532 pedes
840 446 977 529 ducunt,
1002 445 1085 529 quod
1108 443 1246 528 denique
1269 463 1368 527 aeger
1389 445 1423 505 et

224 552 363 613 maestus
380 571 417 614 ac
439 548 552 613 similis
573 549 699 614 excluso
722 573 741 613 a
763 569 863 614 vacuo
886 547 997 612 limine
1012 546 1136 611 recedo.
1169 567 1269 609 unum
1292 546 1422 627 tempus

194 650 274 714 ihu
297 650 465 714 tormentis
489 655 591 734 caret,
615 673 677 735 quo
698 652 732 715 in
756 651 826 714 foro
844 649 1022 714 amicorum
1043 648 1155 712 litibus
1177 649 1337 712 conteror.
1369 666 1420 708 ae-

226 752 321 814 stima
343 755 395 835 tu,
423 774 505 836 quae
526 751 594 816 rita
616 773 687 816 mea
708 752 766 834 sit,
797 751 848 816 cui
870 751 995 835 requies
1018 750 1053 814 in
1075 749 1201 833 labore,
1231 749 1267 813 in
1288 747 1420 812 miseria

228 854 374 938 curisque
396 854 559 918 solacium.
590 853 672 918 vale.
1302 905 1304 908 .
1342 904 1345 909 .
1434 865 1447 908 a

793 1022 851 1088 VI.

565 1143 595 1198 o.
616 1144 764 1200 eminus
782 1143 948 1197 morino
967 1143 1036 1195 suo
1055 1143 1081 1195 a.

196 1265 212 1328 1
308 1259 395 1324 Rara
417 1265 450 1325 et
463 1261 616 1326 notabilis
638 1283 689 1326 res
704 1261 835 1342 Vareno
855 1260 1003 1346 contigit,
1028 1259 1070 1323 sit
1091 1259 1168 1324 licet
1190 1258 1296 1323 adhuc
1311 1257 1419 1322 dubia.

225 1361 359 1446 Bithyni
375 1364 612 1428 accusationem
626 1364 702 1428 eiue'
716 1366 753 1428 ut
774 1366 896 1428 temere
917 1360 1102 1428 inchoatam
1118 1361 1263 1425 omisisse
1287 1382 1420 1425 narran-

226 1466 287 1528 tur.
318 1468 493 1530 narrantur
515 1465 610 1530 dico?
639 1466 730 1530 adest
751 1465 936 1550 provinciae
957 1465 1100 1550 legatus,
1125 1463 1235 1528 attulit
1257 1462 1421 1528 decretum
1434 1487 1456 1527 10

227 1566 355 1630 concilii
378 1567 417 1631 ad
441 1566 625 1651 Caesarem,
648 1567 758 1632 attulit
780 1566 820 1632 ad
842 1568 960 1632 multos
990 1567 1153 1651 principes
1182 1566 1282 1649 viros,
1313 1565 1423 1630 attolit

195 1667 323 1735 tetiam
338 1668 378 1732 ad
390 1690 450 1733 nos
457 1719 467 1754 ‚
484 1668 606 1734 Vareni
621 1670 803 1735 advocatos.
829 1672 956 1754 perstat
970 1672 1081 1734 tamen
1094 1669 1181 1734 idem
1195 1667 1251 1733 ille
1264 1659 1422 1754 Magnui;

228 1770 305 1854 quin
328 1770 426 1834 etiam
448 1769 639 1856 Nigrinum,
671 1771 828 1856 optimum
849 1772 967 1854 virum,
995 1770 1255 1856 pertinacissime
1283 1773 1421 1835 exercet.

228 1893 286 1956 per
307 1872 394 1937 hunc
421 1894 440 1937 a
462 1873 646 1939 consulibus
668 1873 853 1958 postulabat
877 1877 915 1938 ut
936 1873 1085 1938 Varenus
1107 1873 1257 1939 exhibere
1278 1872 1422 1938 rationes

200 1977 407 2059 3cogeretur.
453 1975 647 2040 adsistebam
669 1975 798 2041 Vareno
820 1976 886 2040 iam
907 1979 1037 2040 tantum
1059 1978 1095 2041 ut
1117 1974 1238 2041 amicus
1261 1978 1295 2040 et
1316 1979 1456 2041 tacerem

231 2075 442 2142 decreveram.
478 2076 561 2142 nihil
588 2079 674 2143 enim
703 2080 770 2142 tam
799 2078 1011 2162 contrarium,
1039 2098 1137 2162 quam
1159 2078 1187 2142 si
1208 2077 1424 2143 advocatusa

230 2180 346 2243 senatu
367 2179 461 2244 datus
482 2179 687 2244 defenderem
708 2182 746 2244 ut
766 2201 871 2265 reum,
900 2180 951 2244 cui
973 2200 1053 2265 opus
1075 2182 1160 2245 esset
1180 2201 1222 2244 no
1243 2200 1317 2244 reus
1339 2179 1423 2244 vide-

198 2283 325 2350 4retur.
365 2301 437 2345 cum
464 2283 575 2346 tamen
601 2281 696 2346 finita
721 2281 939 2366 postulatione
969 2280 1102 2366 Nigrini
1130 2281 1276 2346 consules
1304 2280 1345 2345 ad
1371 2302 1423 2345 me

230 2383 338 2447 oculos
360 2383 562 2466 retulissent,
588 2383 722 2449 ‘scietis’
744 2383 876 2469 inquam
894 2387 1055 2449 ‘constare
1070 2383 1163 2448 uobis
1185 2383 1308 2448 silentii
1321 2383 1423 2449 nostri

230 2485 407 2568 rationem,
438 2507 509 2550 cum
531 2507 623 2550 veros
649 2486 775 2571 legatos
797 2485 981 2570 provinciae
1010 2484 1200 2550 audieritis.’
1230 2489 1345 2551 contra
1367 2484 1457 2554 Ni-ro

231 2587 344 2671 grinus
359 2588 414 2652 ‘ad
436 2609 530 2672 quem
544 2587 634 2652 missi
649 2587 772 2653 suntV'.
804 2608 864 2674 ego
887 2587 940 2652 ‘ad
960 2606 1011 2652 me
1027 2607 1168 2672 quoqu03
1190 2586 1295 2651 habeo
1318 2588 1423 2653 decre-

200 2691 299 2760 5tum
326 2689 534 2773 provinciae?
569 2711 678 2755 rursus
704 2689 759 2753 ille
788 2691 909 2773 ‘potest
935 2689 997 2754 tibi
1023 2689 1168 2773 liquere.'
1205 2688 1246 2752 ad
1274 2688 1336 2754 hoc
1365 2711 1424 2776 ego

232 2789 272 2853 ‘si
294 2790 354 2855 tibi
370 2813 409 2855 ex
424 2790 549 2856 diverso
570 2791 685 2877 liquet,
709 2793 864 2876 potestat
884 2789 965 2855 mihi
980 2791 1064 2875 quod
1079 2792 1129 2855 est
1142 2791 1256 2855 melius
1277 2790 1423 2876 liquere?

200 2894 299 2964 6tum
321 2893 448 2978 legatus
462 2893 642 2979 Polyaenus
665 2914 778 2958 causas
800 2892 939 2958 abolitae
962 2892 1177 2958 accusationis
1200 2893 1349 2977 exposuit
1370 2916 1424 2978 po·

230 2995 423 3080 stulavitque
445 3018 487 3060 ne
509 2996 687 3081 cognitioni
703 2993 850 3062 Caesaris
872 2994 1104 3080 praeiudicium
1125 2995 1227 3060 fieret.
1258 2996 1460 3080 responditis

231 3096 371 3182 Magnus
392 3097 571 3182 iterumque
584 3083 776 3182 Polyaenus.
806 3097 876 3182 ipse
901 3117 975 3161 raro
996 3099 1029 3161 et
1050 3096 1190 3162 breviter
1210 3097 1425 3163 interlocutus

202 3207 220 3270 7
231 3198 367 3263 multum
388 3221 439 3264 me
460 3200 549 3265 intra
563 3199 727 3264 silentium
749 3198 850 3265 tenui.
881 3199 991 3284 accept
1006 3199 1094 3264 enim
1115 3218 1182 3264 non
1196 3199 1304 3264 minus
1326 3200 1425 3265 inter-

300 3478 313 3523 1
334 3490 419 3540 aeger
442 3480 469 3525 et
491 3482 613 3526 maestus
630 3473 680 3523 lla
703 3489 800 3540 agerer
823 3475 965 3525 mantuan
988 3489 1073 3540 aeger
1096 3478 1185 3525 metus
1206 3490 1223 3538 p
1247 3490 1332 3542 aeger
1354 3480 1426 3526 motu

230 3555 266 3598 re
284 3558 368 3607 aeger
385 3549 479 3594 mente
496 3542 637 3594 Siotardus
704 3545 720 3592 2
740 3537 786 3610 ac]
807 3546 836 3592 et
852 3554 909 3597 rsa
978 3542 1046 3593 cedo
1063 3558 1082 3592 a
1165 3545 1181 3594 3
1199 3543 1305 3594 infore
1325 3544 1425 3595 amico·

231 3626 289 3661 rum
307 3610 335 3658 11
353 3612 382 3661 in
402 3611 461 3662 foro
480 3615 509 3662 et
527 3613 676 3661 amicorum
693 3613 776 3675 liora
845 3612 1027 3661 contereorn
1097 3611 1112 3660 5
1130 3609 1261 3662 solatium
1279 3615 1358 3663 esta

299 3749 339 3799 VI
356 3749 372 3798 8
392 3748 510 3814 contigit
527 3747 635 3798 Vareno
653 3763 670 3796 a
737 3749 754 3798 9
771 3751 918 3797 narrantur
935 3750 1082 3797 narrantur
1099 3744 1159 3799 dico
1178 3747 1258 3797 adeat
1275 3748 1346 3803 Ιτς
1363 3762 1425 3798 aar·

232 3819 327 3865 rantur
343 3816 405 3866 dico
424 3817 505 3867 adest
521 3818 586 3878 Dpa
602 3820 760 3869 narrantur.
778 3814 812 3866 de
831 3830 863 3865 eo
886 3813 966 3866 adeat
982 3813 1125 3865 Sictordus
1221 3818 1252 3865 12
1272 3815 1425 3867 aduocatos

232 3885 260 3930 1
332 3889 458 3949 praestat
475 3899 515 3947 pa
582 3883 630 3934 ille
646 3883 720 3934 idem
737 3895 773 3939 ις
841 3883 953 3948 Magius
971 3883 1116 3934 Omanaeus
1185 3884 1425 3949 1311111111-

232 3966 304 4001 mum
322 3967 339 4000 a
408 3955 439 4004 17
458 3957 490 4002 ut
507 3950 594 4016 reum]
614 3957 642 4002 et
658 3967 735 4002 reum
751 3963 768 4014 p
787 3955 814 4002 et
832 3952 960 4002 rerumll
1031 3957 1105 4002 esset
1128 3952 1212 4001 etiam
1229 3967 1264 4002 ne
1282 3953 1325 4000 Dr
1392 3953 1424 4004 20

234 4015 306 4086 cnm]
327 4035 387 4070 sum
403 4023 446 4084 Dp
526 4016 698 4088 provinciae]
719 4023 800 4086 prout
817 4020 894 4071 uitae
911 4020 932 4068 D
950 4024 1031 4085 prout
1047 4019 1077 4068 in
1095 4023 1157 4082 τοι)
1226 4023 1325 4070 contra
1343 4021 1371 4070 ni
1406 4021 1424 4058 '-

233 4103 298 4139 aum
314 4101 350 4149 pr
429 4091 460 4138 21
480 4085 601 4155 quoque]
622 4103 711 4151 cump
797 4084 952 4157 decretum]
973 4087 1063 4138 dicere
1081 4091 1138 4138 tum
1155 4089 1183 4134 1
1269 4090 1302 4138 22
1321 4088 1357 4139 ad
1373 4035 1422 4138 ionc

234 4170 284 4219 ego
304 4156 327 4204 si
345 4156 397 4206 tibi
413 4172 460 4209 om.
479 4157 506 4202 li
574 4159 607 4208 23
625 4152 723 4223 liquet]
741 4155 810 4207 libet
827 4171 843 4219 p
924 4154 995 4221 qnod
1012 4159 1055 4207 est
1071 4155 1166 4206 melius
1184 4155 1292 4221 liquere
1310 4160 1368 4206 lum
1384 4155 1422 4206 le-

235 4227 316 4287 gatus
334 4224 383 4272 lta
410 4225 482 4288 qnod
509 4229 552 4274 est
569 4224 669 4275 melius
688 4238 773 4274 causa
792 4224 920 4289 loquetur
947 4225 1088 4291 legatusr
1115 4223 1185 4289 quod
1212 4228 1257 4275 eat
1275 4223 1373 4274 melina
1389 4225 1421 4286 (si

234 4293 293 4341 add.
314 4288 344 4356 ς)
362 4308 448 4343 causa
466 4292 585 4356 liqueret
603 4293 712 4358 legatus
731 4290 856 4356 (legonus
874 4289 991 4356 1))11ρς
1018 4291 1088 4357 quod
1113 4295 1156 4342 est
1174 4291 1274 4342 melius
1291 4293 1321 4341 in
1341 4306 1421 4342 eausa

235 4359 351 4423 liquere.
371 4367 429 4410 tum
447 4360 557 4426 legatus
575 4361 716 4411 Sictordur
767 4362 801 4409 24
818 4359 945 4425 polienus
963 4362 1026 4423 Dpr
1078 4363 1110 4410 25
1130 4360 1345 4424 cognitionalis
1394 4360 1423 4409 26

233 4425 343 4491 Magius
361 4427 506 4479 Omanaeus
573 4430 671 4479 iterum
691 4442 760 4491 quae
778 4428 805 4476 ll
822 4429 1013 4492 interdumque
1031 4431 1052 4477 1)
1115 4428 1242 4493 polianus
1260 4441 1276 4491 p
1294 4427 1419 4478 Polienus

234 4506 251 4549 ς
319 4497 351 4544 27
370 4511 411 4546 me
429 4498 503 4546 intra
521 4495 662 4546 silentium
679 4496 756 4545 tenui
773 4495 801 4543 11
818 4497 892 4546 intra
915 4495 1055 4546 silentium
1077 4496 1155 4546 tenui
1178 4496 1271 4558 (tenus
1288 4497 1331 4560 Bp
1349 4493 1419 4546 tenui

234 4577 277 4613 me
295 4561 322 4626 ς)
341 4565 424 4626 Βρτς
441 4580 484 4615 me
502 4565 531 4614 in
548 4563 659 4614 silentio
678 4565 789 4615 tenuia
