3024 5062
184 259 248 324 206
505 246 507 251 ’
594 307 597 314 .
708 272 859 322 uranu

183 430 250 493 vita
272 428 339 494 eins
368 427 459 513 (nam
481 427 588 491 studia
610 448 733 511 quoque
756 426 840 491 sicut
862 425 940 490 alias
961 425 1064 491 bonas
1086 428 1171 490 artes
1192 427 1381 512 veneratur)

155 531 328 596 dediderit.
358 529 528 614 pulchrum
556 529 642 593 istud
670 531 702 592 et
723 529 855 593 raritate
882 528 953 612 ipsa
975 527 1190 612 probandum,
1220 548 1293 592 cum
1314 526 1381 612 ple-

155 635 173 698 7
184 633 274 717 rique
295 633 452 697 hactenus
474 631 698 695 defunctorum
713 631 933 714 meminerint,
955 633 991 694 ut
1012 632 1198 715 querantur.
1223 628 1311 693 hune
1325 629 1382 694 ho·

184 734 304 797 minem
338 733 637 817 adpetentissimum
670 732 734 817 tui,
768 731 846 795 mihi
875 731 984 816 crede,
1014 732 1240 816 complectere,
1268 732 1381 815 adpre·

184 836 303 920 hende,
333 835 429 899 immo
460 837 493 899 et
519 835 622 899 invita
645 855 683 899 ac
705 834 752 899 sic
774 855 863 917 ama,
892 836 1066 918 tamquam
1079 833 1219 918 gratiam
1245 833 1410 898 referans

184 959 287 1021 neque
315 937 401 1001 enim
430 936 637 1022 obligandus,
661 937 717 1001 sed
738 935 991 1002 remunerandus
1013 939 1062 1000 est
1083 936 1120 1000 in
1134 935 1252 1000 amoris
1274 934 1383 1010 efficio

166 1040 238 1123 qui
260 1040 348 1123 prior
371 1039 486 1121 coepit.
516 1038 597 1103 vale.

713 1206 849 1272 XXXII.

416 1328 612 1384 dammas
630 1329 774 1380 ricino
794 1328 1011 1380 Prosocero
1030 1326 1100 1378 sno
1123 1326 1150 1378 s.

157 1451 174 1512 1
269 1445 420 1509 Delector
447 1444 621 1511 iucundum
646 1444 708 1509 tibi
729 1444 829 1509 fuisse
851 1444 978 1509 Tironis
1000 1444 1064 1508 mei
1086 1443 1274 1508 adventum:
1297 1443 1419 1528 qncdro

185 1568 259 1611 vero
287 1547 399 1611 scribis
427 1547 536 1612 oblata
557 1547 725 1612 occasione
752 1548 951 1632 proconsulis
973 1546 1127 1631 plurimos
1154 1545 1380 1630 manumissos,

185 1650 279 1713 unice
301 1650 412 1714 laetor.
447 1650 539 1733 cupio
555 1649 640 1713 enim
655 1649 793 1733 patriam
807 1652 953 1714 nostram
966 1649 1115 1714 omnibus
1137 1647 1265 1732 quidem
1286 1648 1382 1713 rebus

186 1751 316 1836 augeri,
339 1751 477 1816 maxime
499 1754 608 1815 tamen
631 1751 748 1815 civium
768 1772 916 1816 numero:
944 1751 977 1815 id
1004 1751 1090 1815 enim
1113 1750 1239 1834 oppidis
1266 1749 1385 1814 firmis·

155 1852 300 1919 2simum
329 1856 564 1917 ornamentum.
600 1851 679 1916 illud
707 1852 804 1916 etiam
831 1874 898 1936 me,
928 1874 995 1916 non
1017 1854 1054 1916 ut
1076 1850 1298 1935 ambitiosum,
1327 1850 1382 1916 sed

184 1956 295 2017 tamen
317 1955 423 2039 iuvat,
447 1954 531 2038 quod
554 1954 653 2018 adicis
668 1957 701 2019 te
715 1976 828 2038 meque
851 1957 884 2018 et
897 1954 1076 2039 gratiarum
1098 1953 1225 2018 actione
1240 1956 1274 2018 et
1288 1952 1381 2017 laude
1393 1976 1418 2017 rs

187 2055 374 2120 celebratos.
405 2058 455 2119 est
470 2056 571 2140 enim,
595 2058 632 2119 ut
646 2054 827 2141 Xenophon
842 2055 903 2141 ait,
927 2057 1056 2138 ἥδιιτον
1079 2057 1221 2136 ἄκουιμα
1236 2055 1380 2136 ἔπαινοι,

184 2156 293 2243 utique
315 2160 343 2221 si
363 2160 396 2221 te
418 2157 533 2221 mereri
553 2160 657 2242 putes
687 2157 769 2222 vale.
1021 2150 1024 2155 ⁵

705 2326 860 2392 XXXIII.

542 2424 736 2503 crimme
756 2448 892 2500 memo
912 2448 982 2501 suo
1001 2449 1028 2501 s.

159 2574 175 2634 1
270 2565 437 2648 Auguror,
461 2586 521 2628 nec
535 2585 587 2628 me
608 2564 695 2629 fallit
708 2565 896 2650 augurium,
918 2565 1070 2629 historias
1089 2568 1162 2630 tuas
1183 2565 1414 2633 immortalesn

157 2664 326 2749 2futnras3
349 2688 411 2750 quo
433 2666 536 2750 magis
558 2665 638 2750 illis,
661 2667 801 2752 ingenue
823 2667 963 2750 fatebor,
993 2667 1091 2731 inseri
1113 2667 1218 2754 cupi0.
1255 2669 1380 2734 namsi

184 2788 254 2831 esse
276 2766 369 2831 nobis
393 2789 487 2831 curae
507 2767 589 2832 solet
609 2771 646 2832 ut
666 2768 766 2833 facies
780 2771 892 2833 nostra
914 2768 955 2833 ab
977 2769 1097 2852 optimo
1112 2791 1236 2854 quoque
1253 2768 1380 2835 'artifice

187 2869 399 2954 exprimatur,
428 2891 537 2934 nonne
565 2870 715 2935 debemus
742 2873 854 2956 optare
882 2874 919 2937 ut
945 2870 1094 2957 operibus
1120 2872 1241 2938 nostris
1269 2873 1379 2938 similis

255 3228 347 3284 leius
366 3227 399 3277 de
417 3229 510 3291 uitap
630 3230 713 3280 arteis
735 3231 859 3281 bonaso
987 3231 1107 3282 aedidit
1122 3246 1150 3281 r:
1177 3232 1297 3288 ediderit
1313 3237 1379 3285 -3

187 3301 335 3361 querantur
361 3312 408 3347 om.
435 3299 462 3345 u
581 3297 654 3347 istud
680 3303 707 3347 et
735 3299 852 3348 raritate
879 3299 943 3363 ipsa
969 3312 985 3347 a
1010 3300 1105 3350 studet
1130 3302 1248 3352 raritate
1273 3303 1378 3367 ipsnn

187 3365 281 3414 studet
307 3366 446 3414 uarietate
473 3365 568 3430 ipsap
595 3364 706 3415 scilicet
731 3369 847 3416 raritate
865 3368 959 3431 ipsar
984 3367 1094 3418 scilicet
1120 3367 1180 3419 stili
1205 3371 1379 3426 uarietates

254 3435 270 3482 3
288 3431 461 3482 desuetorum
478 3438 509 3482 ut
526 3434 701 3483 meminerint
720 3439 869 3500 querantur
886 3436 908 3482 Ι)
993 3437 1011 3486 4
1029 3435 1065 3486 ad
1082 3438 1338 3501 potentissimumD

185 3501 226 3551 tui
242 3502 315 3616 {5⁸
334 3506 363 3550 tu
380 3502 443 3563 Dpr
545 3503 607 3551 bet
625 3518 672 3553 om.
688 3503 711 3550 1)
814 3503 959 3568 gratiasn
1062 3504 1147 3555 6sed
1163 3507 1379 3557 remunerandus

185 3585 232 3619 om.
277 3582 313 3630 pr

254 3703 387 3754 xxxlls
405 3702 624 3756 PROSOOERO
643 3720 689 3757 om.
707 3717 744 3761 ις
797 3707 829 3758 10
847 3706 956 3756 meislt
1008 3708 1041 3757 12
1058 3705 1151 3775 unice]
1170 3709 1237 3760 nnis
1254 3710 1284 3758 Π
1301 3711 1379 3760 uince

185 3785 200 3820 r
268 3777 447 3851 nostramet.
463 3777 599 3824 nrostram
616 3775 651 3838 n,
670 3790 718 3824 om.
735 3774 797 3836 Dpr
883 3776 915 3825 15
933 3774 1021 3826 adiris
1039 3781 1067 3826 te
1085 3791 1181 3842 meque
1200 3782 1229 3828 et
1245 3778 1273 3825 Η
1292 3776 1378 3828 adicis

186 3873 215 3907 se
239 3871 356 3920 meqnae
375 3863 402 3907 et
420 3858 441 3904 D
460 3856 562 3908 adiicis
581 3873 678 3923 meque
695 3862 723 3908 et
740 3871 757 3906 a
779 3858 916 3910 accidisse
934 3875 1032 3926 meque
1051 3865 1079 3912 et
1096 3861 1263 3924 padiecisse
1282 3877 1377 3928 meque

187 3924 352 3975 etradiicis
370 3940 413 3973 me
432 3938 573 3990 quoquae·
642 3927 751 3976 actione
779 3931 808 3977 et
833 3926 914 3977 laude
937 3928 1090 3980 celebratos
1108 3931 1158 3978 lia
1184 3930 1379 3981 actionem-ut

185 3993 267 4043 laude
287 3992 441 4042 celebratos
459 3995 521 4056 Dpr
550 3994 658 4044 actione
683 3999 715 4044 ut
737 3995 821 4045 laude
840 3995 1044 4052 celebratum&
1147 3999 1178 4047 16
1198 4002 1242 4048 est
1259 4001 1334 4050 enim
1349 4002 1377 4047 ut

185 4061 337 4124 Xenophon
355 4060 395 4109 ait
412 4059 526 4124 ἥδιιτον
544 4059 669 4126 ἄκουεμα
687 4061 801 4114 ἔπαινοι
819 4065 915 4129 utique
933 4077 950 4112 a
972 4070 1015 4115 est
1036 4065 1109 4116 enim
1127 4066 1273 4132 Xenophai
1291 4065 1376 4117 Thaic

186 4127 291 4191 τήλουε
310 4125 336 4178 ἰν
355 4127 470 4181 ἔπαινος
497 4131 632 4195 utiqnelt
660 4137 702 4181 est
727 4132 799 4180 enim
825 4138 856 4182 ut
881 4131 1007 4198 xenopho
1026 4135 1067 4183 ait
1092 4149 1143 4184 nos
1168 4135 1265 4200 utique
1283 4137 1312 4184 1
1337 4137 1376 4185 est

85 4203 89 4210 '
186 4193 228 4259 (et
247 4203 290 4246 est
301 4197 324 4259 r)
346 4198 417 4246 enim
429 4197 576 4262 Xenophai
595 4196 760 4264 (Xenophon
778 4200 820 4248 ait
830 4199 855 4265 r)
873 4201 968 4264 utiquc
987 4204 1078 4252 lacuna
1094 4209 1154 4252 ante
1172 4204 1271 4267 ntique
1288 4205 1375 4253 relicta

185 4279 220 4327 pr
234 4270 281 4314 est
300 4264 371 4313 enim
389 4265 541 4330 Xenophon
560 4267 601 4316 ait
618 4265 733 4318 ἔπαινοί
751 4267 845 4332 ntique
865 4280 893 4323 5:
917 4269 1035 4332 Xencpt.
1055 4285 1157 4321 memor.
1177 4270 1211 4320 II
1228 4273 1253 4334 1,
1275 4275 1309 4321 31
1325 4270 1373 4322 τοι)

185 4331 216 4382 δὲ
234 4330 354 4383 πάντων
372 4329 486 4396 rithron
504 4333 692 4399 drctcpuroc,
712 4331 830 4386 ἐπαίνου
854 4334 969 4402 ἑαυτῆς,
997 4335 1120 4401 ἀνήκοοι
1138 4335 1178 4402 et,
1206 4339 1240 4402 cf.
1259 4338 1371 4404 Xenoplt

186 4401 262 4450 Hier.
276 4403 308 4480 ⁸1,
329 4402 361 4450 14
465 4404 496 4453 17
515 4403 539 4451 si
556 4408 585 4454 te
603 4405 702 4454 mereri
719 4405 794 4458 Ηςα
816 4404 854 4454 sit
872 4406 988 4456 emereri
1005 4419 1021 4469 p
1044 4407 1086 4457 sic
1107 4407 1220 4456 emereri
1236 4408 1259 4455 D
1277 4407 1320 4457 sic
1334 4411 1372 4455 te·

185 4483 316 4518 mererrr

252 4534 372 4586 XXXIII
390 4539 422 4586 22
440 4539 514 4588 solet
530 4555 613 4590 curae
631 4542 653 4588 Ι)
722 4537 843 4605 quoque]
864 4555 1005 4605 quoquot
1081 4544 1115 4595 23
1132 4543 1234 4594 nostris
1251 4559 1299 4596 om.
1315 4545 1369 4605 Itpr
