3024 5062
625 230 866 280 senseramus
889 228 930 277 ar.
1150 220 1153 226 '
1311 217 1372 284 367

181 384 277 468 toque
300 384 429 469 propius
452 385 493 449 ad
507 385 764 471 magnitudinem
778 389 869 451 tuam
884 385 1104 473 ascenderint,
1126 389 1254 451 tantum
1276 387 1373 452 etiam

182 508 208 549 a·
228 475 287 550 sua
313 486 515 553 descendisse
542 489 721 554 videantur.
766 488 838 554 illos
865 490 974 552 tamen
1001 490 1053 572 tu,
1089 511 1281 574 quamquam
1307 511 1374 554 non

180 588 315 672 potuisti
344 589 404 654 tibi
435 611 587 674 aequare,
616 612 687 655 sum
714 589 828 674 velles,
863 590 942 654 adeo
964 588 999 654 in
1021 589 1107 654 edito
1137 591 1309 674 collocasti,
1338 596 1374 656 ut

181 692 308 755 tanturn
336 713 431 777 super
459 695 581 758 ceteros
608 695 766 777 quantum
793 691 879 756 infra
906 695 939 757 te
967 695 1184 758 cernerentur.
1230 693 1257 757 si
1280 697 1373 758 unius

155 793 312 856 stertium
335 792 534 858 consulatum
557 794 693 859 eundern
714 795 749 858 in
765 815 886 858 aunum
908 793 942 858 in
958 815 1051 878 quem
1066 796 1157 858 tuum
1174 795 1372 879 contulisses,

181 894 324 979 ingentis
347 895 447 959 animi
468 896 632 980 specimen
652 896 833 961 haberetur.
868 896 1005 959 atenim
1026 895 1191 960 felicitatis
1213 900 1374 982 estquan-
1407 896 1410 903 ’

181 999 250 1060 tum
278 996 356 1061 velis
378 1019 487 1081 posse,
510 998 557 1063 sic
578 997 812 1083 magnitudinis
834 997 915 1062 velle
931 1000 1087 1081 quantum
1100 1000 1212 1082 possis.
1243 999 1375 1064 laudan-

181 1098 239 1163 dus
261 1098 388 1183 quidem
411 1102 443 1164 et
464 1099 519 1164 ille
541 1100 594 1184 qui
608 1100 739 1164 tertium
755 1099 952 1165 consulatum
967 1101 1097 1184 meruit,
1120 1101 1175 1165 sed
1197 1102 1300 1186 magis
1315 1101 1374 1166 sub

182 1221 243 1284 quo
265 1201 396 1267 meruit:
418 1223 556 1287 magnus
572 1202 858 1287 memorandusque
873 1201 928 1286 qui
941 1205 1069 1266 tantum
1083 1203 1261 1288 praemium
1277 1204 1386 1288 cepit,-

143 1326 169 1365 ιο
182 1303 236 1368 sed
259 1304 360 1368 maior
382 1304 436 1389 qui
459 1304 600 1388 capienti
621 1304 718 1369 dedit.
749 1304 841 1388 quid,
864 1304 949 1388 quod
963 1305 1040 1369 duos
1055 1307 1176 1389 pariter
1190 1306 1285 1370 tertio
1301 1327 1373 1371 con-

182 1404 300 1490 sulatu,
330 1406 408 1471 duos
431 1406 559 1491 collegii
580 1407 628 1471 tui
650 1407 823 1471 sanctitate
846 1406 1025 1472 decorasti?
1052 1409 1088 1471 ut
1110 1407 1152 1472 sit
1174 1407 1296 1473 nemini
1318 1407 1373 1472 du·

181 1507 270 1572 bium
291 1507 376 1573 hane
397 1507 459 1573 tibi
473 1509 678 1593 praecipuam
703 1529 832 1572 eausam
854 1507 953 1572 luisse
976 1509 1168 1573 extendendi
1191 1510 1374 1574 consulatus

181 1612 240 1694 tui,
256 1613 293 1675 ut
314 1610 448 1675 duorum
471 1609 655 1675 consulatus
678 1609 925 1695 amplecteretur
940 1609 1158 1696 collegamque
1180 1618 1213 1676 te
1235 1633 1301 1676 non
1317 1613 1374 1676 uni

170 1712 283 1777 daret.
320 1734 342 1776 u
358 1733 453 1796 erque
475 1734 577 1796 nuper
600 1711 799 1777 consulatum
826 1711 963 1777 alterum
986 1716 1130 1798 gesserat
1152 1716 1284 1798 epatre
1306 1717 1372 1798 tuo,

144 1833 168 1873 ιι
181 1813 215 1877 id
237 1818 286 1879 est
306 1816 427 1899 quanto
449 1814 556 1879 minus
578 1836 673 1899 quarn
696 1837 715 1878 a
738 1817 771 1879 te
799 1813 925 1879 datum!
954 1814 1119 1900 utriusque
1147 1814 1251 1880 adhuc
1274 1816 1373 1880 oculis

182 1915 278 2000 paulo
307 1919 382 1980 ante
410 1915 533 1981 dimissi
560 1917 664 1981 fasces
691 1915 902 1999 oberrabant,
936 1916 1100 2000 utriusque
1128 1916 1291 1981 sollemnis
1319 1917 1374 1982 ille

181 2017 330 2083 lictorum
359 2021 392 2082 et
418 2017 629 2102 praenuntius
660 2018 779 2083 clamor
806 2018 936 2083 auribus
958 2019 1137 2103 insederat,
1166 2041 1238 2084 cum
1265 2040 1375 2083 rursus

182 2119 300 2185 curulis
322 2141 492 2205 rursusque
519 2142 676 2204 purpura3
704 2122 742 2184 ut
774 2120 865 2203 olim,
896 2142 967 2184 cum
989 2121 1091 2185 hostis
1112 2122 1148 2186 in
1174 2122 1319 2206 proximo
1342 2124 1374 2186 et

181 2223 217 2287 in
240 2244 397 2287 summum
418 2223 590 2287 discrimen
619 2222 755 2286 adducta
782 2243 833 2286 res
860 2221 990 2308 publica
1012 2225 1177 2308 expertum
1199 2223 1375 2288 honoribus

143 2344 169 2386 ao
182 2325 287 2390 virum
309 2328 469 2410 posceret,
491 2346 558 2389 non
581 2325 765 2390 consulatus
786 2323 969 2388 hominibus
983 2324 1100 2409 isdem,
1124 2326 1180 2390 sed
1201 2326 1297 2390 iidem
1319 2327 1374 2390 ho-

181 2427 286 2492 mines
315 2425 531 2491 consulatibus
560 2426 786 2492 reddebantur.
829 2429 922 2490 tauta
949 2426 1011 2491 tibi
1038 2427 1120 2491 bene
1147 2427 1286 2493 faciendi
1314 2428 1372 2511 vis,

182 2532 219 2593 ut
232 2528 436 2614 indulgentia
456 2531 512 2593 tua
533 2529 741 2593 necessitates
756 2529 942 2593 aemuletur.
973 2529 1066 2593 modo
1083 2532 1267 2613 praetextas
1283 2551 1375 2594 exue·

182 2634 274 2717 rant3
295 2633 475 2695 resumant:
503 2631 596 2695 modo
617 2631 746 2695 lictores
775 2630 863 2694 abire
885 2631 1060 2714 iusserant3
1088 2634 1253 2696 revocent:
1281 2631 1374 2696 modo

181 2734 385 2820 gratulantes
408 2732 503 2799 amici
524 2736 739 2816 recesserant3
766 2734 979 2798 revertantur.
1016 2733 1197 2798 hominisne
1219 2733 1305 2797 istud
1326 2734 1374 2798 in·

143 2855 169 2896 es
182 2835 316 2922 genium
344 2839 409 2919 est,
437 2835 576 2900 hominis
603 2837 763 2919 potestas,
797 2855 951 2899 renovare
985 2835 1119 2919 gaudia,
1154 2835 1374 2920 redintegrare

182 2938 341 3004 laetitiam
362 2937 546 3022 nullamque
568 2936 710 3022 requiem
732 2936 1002 3022 gratulationibus
1017 2937 1093 3000 dare
1114 2958 1218 3022 neque
1241 2937 1304 3001 alia
1327 2958 1374 3001 re-

181 3040 331 3127 petendis
354 3039 572 3106 consulatibus
593 3038 764 3104 intervalla
785 3039 986 3125 permittere,
1014 3039 1077 3103 nisi
1099 3039 1174 3103 dum
1195 3039 1376 3104 finiuntur?

182 3250 384 3261 ..-.--—-

253 3406 266 3453 l
287 3402 464 3453 ascenderint
481 3401 567 3450 Abcd
584 3398 777 3450 ascenderit!
874 3402 977 3449 tantum
996 3401 1080 3451 stiam
1100 3417 1116 3451 a
1134 3416 1184 3453 sua
1202 3402 1249 3451 ΑΒ
1268 3406 1374 3451 tautum

184 3476 213 3523 et
232 3487 249 3521 a
268 3486 319 3521 sua
336 3472 354 3520 d
370 3473 478 3521 tautum
497 3485 513 3519 a
531 3485 583 3519 sua
600 3472 704 3518 etanto
722 3468 805 3517 etiam
824 3482 840 3516 a
859 3481 909 3517 sua
926 3467 1071 3519 Coronaeus
1156 3473 1172 3520 6
1191 3467 1287 3534 auimil
1308 3470 1374 3519 anui

161 3536 204 3590 ‘B
273 3533 410 3606 ipossis]
430 3538 566 3603 possead
634 3534 839 3588 tconsulatum
859 3535 968 3586 tertium
986 3536 1032 3585 Ad
1099 3536 1376 3601 9memorandusque

183 3607 233 3673 qui
249 3606 333 3657 laod
349 3606 596 3669 memorandusque
616 3608 659 3656 est
677 3606 724 3670 qui
741 3604 780 3652 Δ·
867 3604 898 3654 10
917 3602 985 3655 duos
1004 3605 1111 3670 pariter
1128 3607 1210 3656 tertio
1230 3606 1375 3656 consulatu

182 3674 325 3739 (consules
342 3671 368 3738 e)
384 3674 451 3725 duos
469 3673 547 3738 (duos
565 3690 612 3725 om.
631 3672 658 3738 ς)
678 3672 803 3738 collegas
821 3672 863 3721 tui
881 3674 1034 3723 sanctitate
1052 3673 1163 3728 ΔΒοᾶς
1184 3672 1252 3724 duos
1270 3673 1376 3737 pariter

182 3746 269 3795 tertio
287 3742 434 3794 consulatu
452 3741 564 3808 collegii
587 3743 627 3792 tui
650 3743 802 3792 sanctitate
821 3740 926 3805 Lipsius
943 3740 1013 3791 duos
1035 3742 1141 3806 pariter
1162 3740 1230 3791 duos
1252 3739 1376 3805 collegas

182 3811 263 3862 tertii
281 3809 441 3862 consulatus
459 3811 501 3860 tui
518 3811 670 3860 sanctitate
688 3809 821 3860 Liuineius
838 3808 905 3859 duos
918 3808 1024 3874 pariter
1041 3813 1124 3859 tertio
1143 3809 1289 3861 consulatu
1308 3808 1375 3858 duos

183 3879 307 3945 collegas
325 3879 402 3929 tertii
421 3879 580 3929 consulatus
601 3878 644 3929 tui
667 3877 814 3927 sanctitate
833 3875 992 3928 Selenuntes
1089 3879 1121 3927 13
1140 3877 1329 3943 collegamque
1347 3881 1375 3926 te

183 3963 239 3999 uon
257 3948 304 3998 uui
322 3946 402 3999 daret
418 3948 504 3997 codem
515 3947 625 3996 Liviaeii
642 3952 667 3995 et
679 3946 787 3996 Medici.
807 3949 834 3994 et
847 3945 981 4010 collegam
995 3960 1046 4010 que
1059 3942 1100 4008 (et
1113 3944 1247 4010 collegam
1260 3945 1307 4009 qui
1318 3945 1374 4008 Ad)

182 4023 211 4067 te
230 4031 285 4067 uon
303 4015 351 4065 uni
368 4015 446 4066 daret
463 4013 533 4064 ABd
554 4017 581 4064 et
599 4013 734 4080 collegam
757 4017 785 4063 te
804 4028 858 4063 uon
875 4014 925 4062 uui
943 4012 1023 4064 dares
1042 4027 1056 4062 c
1079 4017 1108 4063 et
1127 4013 1263 4078 collegam
1281 4017 1309 4062 te
1328 4013 1375 4062 uni

182 4085 264 4136 daret
281 4096 298 4141 ς
367 4084 398 4133 16
416 4079 569 4147 sollemnis]
589 4081 705 4133 solemus
722 4082 738 4131 b
825 4083 856 4131 19
875 4081 994 4131 adducta
1011 4079 1135 4131 A²Bacd
1151 4081 1269 4132 deducta
1285 4081 1308 4129 Α

182 4156 217 4205 20
234 4168 289 4205 nou
307 4149 510 4214 consulatumss
579 4152 709 4200 attenta
727 4176 760 4186 -
777 4151 810 4200 22
828 4149 980 4200 aemuletur
1002 4150 1104 4205 omi
1188 4152 1220 4200 22
1239 4152 1271 4199 ut
1287 4148 1376 4199 indul·

182 4222 280 4288 gentis
296 4219 465 4287 (indigentia
482 4220 507 4283 e)
525 4222 573 4268 tua
591 4219 777 4269 necessitates
795 4217 946 4268 aemuletur
957 4218 1021 4268 Aed
1033 4222 1062 4268 ut
1074 4217 1248 4283 indulgentia
1260 4222 1309 4267 tua
1327 4233 1376 4266 ue-

182 4290 304 4343 cessitas
331 4287 485 4339 aemuletur
511 4286 531 4335 B
561 4290 592 4336 ut
623 4285 815 4350 indulgentiae
846 4291 911 4336 tuae
945 4287 1099 4337 necessitas
1131 4285 1284 4338 aemuletur
1317 4287 1374 4335 cod.

180 4359 291 4413 Medios.
317 4361 347 4408 ut
367 4355 570 4420 indulgentiam
586 4359 662 4405 tuam
688 4355 840 4406 necessitas
867 4354 1020 4405 aemuletur
1042 4366 1058 4409 ς
1189 4357 1222 4406 25
1239 4368 1375 4404 renouare

179 4428 246 4480 Aba
271 4440 406 4477 reuocare
424 4424 461 4489 βά
556 4422 766 4488 reintegrarelt
851 4425 884 4473 26
901 4421 1058 4487 nullamque
1077 4422 1199 4488 requiem
1216 4422 1256 4472 Be
1273 4421 1375 4473 nullam

180 4497 307 4562 requiem
324 4493 368 4543 Ad
444 4491 639 4560 gratulationis
657 4490 700 4548 Βς
