3024 5062
409 275 653 324 nersrumnun
668 277 743 325 vni.
760 273 784 320 r.
800 273 824 322 e.
838 273 863 323 o.
884 268 919 335 (a.
935 272 992 320 108.
1010 268 1067 335 roe)
1271 259 1333 323 217

142 428 222 493 adeo
249 428 388 512 validus,
417 433 454 494 ut
480 429 537 494 illa
559 451 623 514 qua
644 432 797 514 properat
817 429 900 514 ipse,
929 451 1120 513 quamquam
1147 450 1205 513 per
1233 429 1334 493 solum

141 530 292 614 planum,
315 531 410 595 remis
432 553 499 596 non
522 532 705 612 adiuvetur,
733 532 818 596 idem
840 533 1016 616 aegerrime
1043 531 1139 595 remis
1167 529 1333 613 contisque

142 634 310 714 superetur
343 633 502 698 adversus.
547 633 719 698 ineundum
746 637 915 718 utrumque
948 655 1005 717 per
1032 634 1136 698 iocum
1163 631 1365 715 ludumque4

141 733 353 818 fluitantibus,
366 738 403 799 ut
413 735 560 800 flexerint
572 757 709 819 cursum,
722 736 865 800 laborem
876 734 952 818 otio,
966 735 1066 800 otium
1078 735 1187 799 laboro
1197 734 1332 799 variare.

115 835 229 919 sripae
250 835 378 900 fraxino
397 837 514 921 multa,
543 838 645 901 multa
672 838 790 921 populo
818 839 1014 922 vestiuntur,
1042 859 1121 921 quas
1149 835 1334 920 perspicuus

141 936 244 1001 amnis
267 937 355 1003 velut
374 959 495 1002 mersas
509 938 602 1003 viridi
624 939 766 1024 imagine
793 939 990 1003 adnumerat.
1036 939 1124 1023 rigor
1146 958 1246 1022 aquae
1270 958 1334 1000 oer-

139 1039 259 1102 taverit
286 1039 429 1124 nivibus,
463 1063 523 1106 neo
551 1040 637 1106 color
665 1041 759 1107 eedit.
794 1040 918 1106 adiacet
951 1041 1106 1124 templum
1135 1040 1275 1124 priscum
1303 1039 1364 1103 eth

140 1140 341 1223 religiosum:
371 1145 437 1207 stat
464 1142 645 1208 Clitumnus
675 1142 744 1226 ipse
773 1143 907 1207 amiotus
935 1145 1129 1225 ornatusque
1153 1143 1333 1224 praetexta:

139 1264 293 1326 praesens
319 1265 439 1308 numen
468 1246 564 1328 atque
586 1244 684 1308 etiam
708 1245 876 1309 fatidicum
897 1245 1045 1309 indicant
1072 1246 1183 1306 sortes
1223 1265 1334 1326 sparsa

106 1346 217 1407 nsunt
239 1343 324 1408 eirea
339 1346 456 1410 sacella
472 1347 634 1429 complura
656 1346 851 1430 totidemque
867 1347 908 1410 di.
944 1367 1000 1409 sua
1024 1345 1137 1428 cuique
1159 1344 1332 1427 veneratio,

139 1467 230 1509 suum
254 1467 387 1530 nomen,
414 1447 602 1530 quibusdam
625 1470 700 1512 vero
722 1449 819 1512 etiam
840 1448 957 1512 fontes.
991 1469 1066 1510 nam
1089 1448 1217 1530 praeter
1244 1445 1335 1509 illum

139 1546 229 1628 quasi
251 1551 419 1631 parentem
442 1553 617 1614 ceterorum
639 1552 716 1613 sunt
737 1550 876 1613 minores
898 1549 1003 1632 eapite
1026 1548 1170 1631 disereti3
1200 1548 1255 1611 sed
1277 1548 1334 1612 flu-

139 1648 219 1712 mini
234 1648 424 1733 miscentur,
447 1652 531 1734 quod
545 1654 644 1735 ponte
657 1651 899 1715 transmittitur.
937 1651 964 1713 is
986 1649 1143 1714 terminus
1158 1651 1240 1715 sacri
1263 1652 1363 1733 pro-6

139 1750 282 1833 fanique.
315 1751 351 1814 in
373 1753 534 1835 superiore
548 1755 640 1836 parte
655 1754 810 1837 navigare
831 1755 974 1835 tantum,
998 1752 1085 1815 infra
1101 1753 1198 1816 etiam
1219 1754 1334 1815 natare

109 1872 128 1910 15
141 1873 337 1916 conoessum.
384 1853 547 1917 balineum
580 1853 793 1937 Hispellates,
827 1854 941 1938 quibus
974 1853 1064 1916 illum
1104 1853 1210 1917 loeum
1243 1853 1334 1916 divus

138 1955 306 2038 Augustus
329 1953 412 2018 dono
434 1955 537 2039 dedit,
561 1956 688 2039 publice
709 1957 883 2039 praebent,
913 1955 1071 2039 praebent
1093 1957 1125 2017 et
1146 1954 1331 2037 hospitium.

139 2076 197 2119 nee
226 2055 342 2119 desunt
368 2056 478 2140 villae,
507 2078 588 2140 quae
616 2059 743 2120 secutae
771 2057 911 2120 fluminis
940 2057 1167 2128 amoenitatem
1192 2056 1334 2141 margini

138 2156 304 2221 insistunt.
337 2157 373 2220 in
395 2180 518 2221 summa
550 2157 633 2222 nihil
661 2160 723 2223 erit
750 2180 789 2223 ex
811 2180 872 2242 quo
894 2180 960 2222 non
989 2159 1096 2240 capias
1124 2157 1362 2241 voluptatem?

139 2280 214 2321 nam
236 2258 378 2323 studebis
401 2281 541 2342 quoque3
568 2260 656 2344 leges
678 2261 780 2324 multa
801 2260 973 2325 multorum
995 2259 1143 2323 omnibus
1167 2258 1332 2343 columnis,

107 2359 285 2424 nomnibus
300 2360 476 2444 parietibus
498 2361 669 2445 inscripta,
693 2363 806 2446 quibus
822 2362 894 2426 fons
917 2361 971 2424 ille
986 2361 1125 2444 deusque
1143 2359 1331 2424 eelebratur.

137 2460 230 2544 plura
251 2460 396 2526 laudabis
403 2512 412 2546 ,
435 2485 501 2526 non
523 2462 612 2527 nulla
633 2463 768 2547 ridebis3
794 2484 985 2548 quamquam
1008 2466 1044 2526 tu
1065 2483 1150 2546 vero,
1173 2483 1255 2546 quae
1278 2465 1333 2525 tua

138 2561 338 2648 humanitas,
361 2563 451 2628 nulla
473 2564 602 2630 ridebis.
637 2565 717 2630 vale.

689 2732 794 2799 VIIII.
836 2719 839 2728 ⁴
914 2727 922 2733 ’

503 2855 533 2908 o.
559 2855 708 2908 Parmos
727 2854 824 2906 unso
844 2854 914 2906 sno
934 2855 961 2905 s.

105 2992 126 3030 a
221 2963 307 3036 Olim
322 2993 388 3034 non
410 2972 527 3037 librum
549 2973 584 3037 in
605 2995 735 3056 manus,
759 2994 825 3037 non
840 2972 950 3036 stilum
966 2971 1103 3055 sumpsi5
1125 2971 1202 3035 olim
1223 2972 1360 3035 neseiol

136 3072 211 3155 quid
233 3072 276 3136 sit
297 3073 412 3156 otium,
435 3075 510 3158 quid
526 3075 632 3159 quies,
657 3075 731 3158 quid
747 3075 884 3157 denique
905 3073 985 3137 illud
1008 3073 1095 3136 iners
1118 3073 1262 3157 quidem,
1286 3073 1332 3136 iu-

137 3175 275 3239 cundum
296 3177 406 3239 tamen
427 3177 509 3241 nihil
532 3199 644 3261 agere,
673 3177 756 3240 nihil
784 3198 868 3241 esse:
899 3177 978 3240 adeo
1000 3174 1103 3239 multa
1124 3197 1175 3239 me
1198 3176 1331 3260 negotia

135 3276 309 3340 amicorum
331 3299 392 3342 nee
414 3280 559 3343 secedere
574 3300 634 3343 nec
657 3279 784 3343 studere
802 3279 977 3361 patiuntur.
1013 3276 1102 3341 nulla
1118 3279 1204 3341 enim
1227 3278 1361 3344 studia2

133 3378 218 3441 tanti
241 3380 332 3461 sunt,
361 3382 397 3443 ut
418 3380 578 3445 amicitiae
600 3380 742 3444 officium
768 3380 948 3462 deseratur,
979 3379 1061 3463 quod
1091 3379 1332 3464 religiosissime

97 3478 375 3544 meustodiendum
398 3481 503 3546 studia
525 3482 595 3565 ipsa
617 3482 831 3566 praecipiunt.
864 3481 946 3546 vale.

202 3826 216 3872 1
235 3819 414 3888 quamquam]
434 3826 482 3872 tan
503 3839 566 3873 uam
584 3837 601 3870 3
680 3827 696 3874 2
715 3824 878 3875 adiuuentur
896 3826 920 3880 I.
939 3826 970 3875 F.
991 3825 1132 3876 Gronovius
1219 3824 1331 3873 411111-

132 3892 257 3940 tantibus
276 3905 292 3938 3
377 3839 594 3956 6131111111
690 3889 823 3958 imagine]
851 3895 970 3958 margini
989 3894 1160 3943 Marazanae
1179 3893 1253 3955 epist.
1273 3894 1331 3943 crit.

129 3976 157 4024 p.
178 3956 416 4009 5511811111.
437 3959 471 4008 II
489 3959 569 4022 3,16
637 3959 758 4024 tadque
775 3961 802 4008 11
872 3963 903 4011 10
921 3961 1062 4025 cumplura
1086 3961 1113 4008 Μ
1181 3959 1221 4008 dii
1238 3961 1265 4007 Μ
1286 3960 1330 4008 ‹lei

129 4042 147 4077 3
220 4028 250 4076 11
272 4026 356 4075 fontis
373 4028 401 4074 n
488 4028 519 4076 14
537 4031 644 4077 tantum
664 4029 737 4077 infra
756 4030 839 4077 etiam
859 4045 905 4080 om.
925 4030 960 4091 Μ,
980 4031 1039 4078 odd.
1061 4044 1077 4076 3
1170 4029 1201 4076 16
1221 4027 1331 4092 publice

130 4095 269 4160 praebent
287 4093 422 4159 praebent
439 4094 588 4158 hospitium
604 4097 631 4143 Μ
649 4095 759 4160 publice
777 4097 912 4161 praebent
930 4101 958 4144 et
975 4097 1123 4161 hospitium
1140 4111 1157 4143 3
1252 4095 1284 4144 18
1302 4095 1331 4142 in

130 4162 231 4212 summi
250 4162 278 4209 11
364 4160 469 4227 capias]
490 4169 621 4226 eaptesa
690 4165 721 4213 19
740 4179 848 4228 quoque
868 4169 896 4213 et
913 4164 989 4228 leges
1007 4180 1023 4213 3

198 4229 282 4281 VIIII
299 4230 332 4279 28
351 4227 493 4295 secedere]
514 4229 608 4280 sedere
627 4244 643 4277 3
712 4233 744 4282 29
762 4236 827 4282 sunt
844 4249 890 4283 om.
907 4234 943 4295 n,
963 4234 1023 4282 add.
1043 4246 1059 4280 a
