3024 5062
183 275 248 340 290
587 291 616 339 a.
640 290 737 339 nunu
760 291 804 338 ar
828 292 973 339 raarnnr

185 449 257 510 acta
285 444 378 509 Bassi
406 445 541 509 rescissa
570 445 741 531 datumque
769 469 789 510 a
816 449 931 511 senatu
959 446 1009 510 ius
1032 445 1179 511 omnibus
1202 446 1380 530 dequibus

184 547 237 611 ille
261 547 381 631 aliquid
405 548 624 612 constituisset
646 570 684 612 ex
710 549 838 634 integro
860 549 994 634 agendi,
1023 549 1191 613 dumtaxat
1211 569 1269 631 per
1290 548 1380 612 bien·

183 651 288 733 nium,
311 649 508 735 interrogavi
531 649 617 715 huno
639 673 733 734 quem
752 651 970 736 relegaverat,
999 674 1041 715 an
1065 650 1183 715 adisset
1206 649 1379 715 docuisset-

153 753 243 836 5que
270 754 510 836 proconsulem:
538 761 669 832 aeaavit.
704 775 762 837 per
789 754 873 838 quod
896 753 1044 817 effectum
1066 755 1115 817 est
1145 756 1182 816 ut
1208 755 1242 816 te
1266 774 1379 817 oonsu-

184 855 300 933 lerem,
332 854 528 919 reddendum
550 878 622 919 eum
644 876 767 939 poenae
790 873 866 919 suae
889 878 930 919 an
953 856 1082 938 gravius
1105 854 1227 939 aliquid
1249 857 1282 918 et
1304 855 1379 938 quid
1392 873 1410 933 a,

183 957 383 1041 potissimum
412 957 671 1021 constituendum
697 960 829 1042 putares
852 960 884 1022 et
911 957 946 1022 in
968 957 1055 1021 hunc
1078 957 1167 1022 etin
1197 979 1267 1040 eos,
1297 957 1378 1041 siqui

183 1058 266 1123 forte
281 1059 316 1123 in
328 1059 426 1123 simili
439 1059 625 1124 condicione
640 1059 871 1124 invenirentur.
897 1060 1058 1124 decretum
1072 1058 1163 1124 Calvi
1179 1062 1212 1122 et
1227 1059 1377 1142 edictum,

184 1162 262 1225 item
284 1161 447 1226 decretum
470 1160 563 1226 Bassi
585 1161 635 1226 his
656 1161 774 1226 litteris
797 1161 927 1228 subieci.

652 1331 753 1398 nvn.
780 1331 905 1418 [aava
984 1354 986 1358 ·

612 1454 795 1506 TRAIANUS
818 1454 944 1506 PLINIO
1391 1461 1413 1499 ¹⁰

157 1576 173 1636 l
271 1570 352 1646 Quid
380 1569 414 1634 in
443 1591 580 1654 persona
611 1591 719 1634 eorum
743 1569 948 1635 statuendum
971 1570 1029 1654 sit,
1059 1570 1114 1654 qui
1142 1569 1221 1634 aP.
1246 1569 1378 1635 Servilio

185 1672 282 1738 Calvo
310 1671 499 1755 proconsule
526 1672 560 1735 in
588 1672 765 1736 triennium
792 1672 928 1757 relegati
956 1674 989 1736 et
1009 1693 1084 1735 mox
1106 1671 1248 1735 eiusdem
1276 1672 1377 1736 edicto

183 1775 323 1840 restituti
345 1774 380 1838 in
402 1773 569 1858 provincia
588 1777 822 1857 remanserunt,
844 1774 987 1858 proxime
1009 1773 1069 1837 tibi
1091 1773 1282 1857 rescribam,
1307 1795 1377 1838 cum

153 1880 298 1943 2causas
328 1875 394 1939 eius
420 1874 501 1939 facti
524 1896 543 1939 a
565 1875 663 1941 Calvo
685 1876 869 1961 requisiero.
900 1877 953 1960 qui
981 1898 1000 1940 a
1022 1875 1104 1940 Iulio
1127 1874 1229 1940 Basso
1251 1876 1287 1940 in
1308 1897 1377 1960 per·

181 1982 314 2062 petuam
335 1977 498 2064 relegatus
521 1981 585 2062 est,
610 2000 681 2043 eum
704 2001 760 2063 per
782 1978 949 2043 biennium
972 1977 1089 2062 agendi
1111 1977 1302 2042 facultatem
1323 1977 1408 2042 har-15

181 2080 303 2165 buerit,
328 2080 356 2144 si
378 2080 583 2150 existimabat
599 2102 632 2145 se
654 2081 773 2145 iniuria
794 2080 990 2166 relegatum,
1014 2101 1117 2164 neque
1139 2080 1173 2143 id
1193 2079 1311 2145 fecerit
1332 2082 1376 2144 at·

181 2205 243 2268 que
266 2183 300 2247 in
316 2182 481 2266 provincia
496 2183 614 2246 morari
635 2182 862 2268 perseverarit,
887 2182 1014 2246 vinctus
1033 2181 1119 2245 mitti
1141 2181 1181 2245 ad
1198 2182 1375 2265 praefectos

182 2285 335 2371 praetorii
357 2285 419 2348 mei
442 2283 547 2349 debet.
578 2284 783 2369 nequeenim
806 2283 927 2348 sufficit
949 2304 1022 2348 cum
1043 2304 1166 2367 poenae
1189 2304 1266 2348 suae
1288 2284 1374 2348 resti-

183 2387 247 2471 tui,
270 2408 365 2472 quam
388 2386 590 2450 contumacia
613 2387 717 2452 elusit.

636 2556 756 2622 nvrn.
785 2555 923 2641 [arvia
1384 2578 1404 2616 20

463 2677 492 2729 Ο.
512 2678 658 2728 PLINIUS
677 2678 837 2730 TRAIANO
856 2679 1087 2731 IMPERATORI

156 2800 172 2861 l
268 2794 347 2860 cam
363 2794 495 2858 citarem
518 2794 652 2878 iudices,
677 2795 819 2879 domine,
843 2798 1035 2861 conventum
1056 2795 1267 2861 inchoaturus
1274 2796 1374 2883 ,Ila-

112 2920 118 2930 ·
155 2898 253 2964 2vius
269 2896 454 2982 Archippus
470 2897 670 2961 vocationem
691 2901 801 2981 petere
817 2898 922 2983 coepit
943 2902 980 2963 ut
1000 2897 1221 2983 philosophus.
1245 2899 1375 2964 fuerunt

184 2999 239 3084 qui
262 3000 405 3064 dicerent
419 3020 484 3063 non
507 2999 707 3064 liberandum
724 3021 795 3064 eum
817 2998 980 3064 iudicandi
1002 2999 1212 3079 necessitate,
1236 3001 1291 3067 sed
1314 3023 1373 3066 om-

184 3103 263 3166 nino
286 3101 463 3167 tollendum
478 3099 517 3164 de
538 3101 679 3165 iudicum
693 3123 827 3166 numero
849 3102 1106 3187 reddendumque
1120 3124 1260 3187 poenae,
1284 3113 1403 3189 quarn²5

154 3203 297 3271 3fractis
326 3204 463 3268 vinculis
486 3203 648 3268 evasisset.
684 3203 820 3269 recitata
842 3207 891 3268 est
912 3204 1073 3270 sententia
1094 3202 1168 3269 Veli
1190 3205 1284 3271 Pauli
1304 3226 1373 3290 pro·

185 3306 338 3389 consulis,
367 3328 430 3390 qua
459 3305 654 3389 probabatur
676 3305 861 3390 Archippus
889 3306 1022 3371 crimine
1049 3305 1126 3370 falsi
1149 3307 1321 3373 damnatus
1341 3307 1372 3371 in

76 3442 82 3452 ·
183 3409 358 3474 metallum.
392 3408 446 3472 ille
468 3408 549 3473 nihil
577 3407 774 3491 proferebat,
802 3430 864 3493 quo
892 3409 1074 3473 restitutum
1096 3431 1130 3473 se
1152 3408 1302 3495 doceret3
1324 3411 1372 3475 ad-

182 3512 314 3597 legabat
334 3514 442 3575 tamen
459 3533 518 3594 pro
532 3511 736 3585 restitutione
757 3513 789 3575 et
810 3510 954 3575 libellum
976 3531 1042 3574 ase
1058 3509 1246 3576 Domitiano
1267 3511 1372 3577 datum

184 3617 216 3678 et
239 3613 391 3698 epistulas
414 3613 481 3676 eius
504 3614 544 3677 ad
558 3613 713 3677 honorem
735 3635 827 3677 suum
841 3613 1041 3697 pertinentes
1063 3624 1093 3677 et
1113 3613 1278 3680 decretum
1300 3613 1403 3679 Pru-³⁰

183 3717 334 3781 sensium.
372 3713 510 3778 addebat
537 3713 587 3778 his
615 3718 647 3779 et
667 3718 740 3779 tuas
768 3715 893 3778 litteras
916 3715 1051 3798 scriptas
1074 3715 1151 3799 sibi,
1180 3716 1320 3782 addebat
1344 3719 1373 3780 et

252 3994 265 4042 1
285 3991 434 4056 datumque
453 4004 469 4038 a
487 3990 645 4054 dictumque
662 3991 685 4039 A
770 3995 786 4042 3
806 3990 919 4041 adiisset
936 3991 959 4039 A
1043 3991 1060 4041 4
1078 3990 1191 4056 negauit
1203 4008 1250 4043 om.
1267 3993 1299 4056 A,
1316 3991 1370 4043 add.

186 4061 329 4111 Calabaeus
409 4062 480 4110 tan
497 4058 663 4108 reddendum
684 4058 837 4109 Calanaeua²

252 4144 329 4194 LVII
347 4144 489 4209 Epistulam
506 4160 560 4193 cam
577 4145 711 4207 superiore
729 4146 887 4194 coniunctam
904 4145 980 4195 habet
997 4144 1032 4206 A,
1059 4146 1200 4208 separatim
1225 4148 1334 4210 positam
1349 4150 1372 4194 ct

188 4212 299 4263 Traiano
316 4215 464 4277 iascrr'plam
481 4225 498 4260 a
567 4212 596 4260 11
616 4212 645 4260 in
663 4227 811 4276 personam
827 4226 844 4261 a
914 4215 944 4262 14
963 4209 1034 4278 eius]
1055 4211 1171 4262 huiusa
1233 4215 1266 4263 16
1284 4212 1371 4264 existi·

185 4279 452 4413 puapbpltletgtrpraeaffl
471 4279 653 4330 existimatA
740 4282 771 4330 17
788 4282 1042 4346 perseuerauerito
1116 4283 1148 4331 19
1167 4294 1249 4345 quam
1270 4281 1370 4333 Beroal-

253 4433 343 4482 LVIIl
362 4435 405 4482 De
423 4433 562 4499 Archippo
580 4432 743 4500 philosopho
761 4449 778 4483 a
846 4438 879 4486 23
898 4434 1105 4485 uacationema
1174 4437 1208 4486 24
1225 4450 1280 4486 non
1297 4431 1369 4484 modo

187 4500 358 4550 liberandum
378 4513 394 4549 a
412 4517 466 4553 non
484 4503 564 4552 modo
582 4517 637 4551 non
656 4503 827 4552 liberandum
846 4504 991 4553 Oatanaeus
1067 4503 1101 4553 26
1117 4501 1194 4554 Velii
1210 4505 1233 4553 A
1300 4505 1332 4554 30
1347 4505 1371 4551 et

184 4569 323 4617 decretum
342 4569 485 4620 Gataaaeas
502 4585 530 4618 a:
551 4574 579 4620 et
596 4587 642 4620 om.
660 4572 683 4620 A
