3024 5062
585 297 791 346 PRAEFATIO.
1188 299 1289 348 XXVII

91 451 311 516 diversitatem
333 451 467 537 originis
488 449 556 515 fieri
579 440 720 534 potuisse
749 454 884 535 apparet
910 454 947 516 ut
973 452 1008 516 in
1030 451 1216 517 Florentino
1239 474 1289 518 eo

91 551 163 617 dice
191 552 347 638 quaedam
373 553 503 638 integra
531 555 735 619 servarentur
762 574 842 638 quae
870 553 906 618 in
933 553 1047 618 ceteris
1074 555 1182 618 uetere
1211 553 1290 619 vitio

91 657 245 738 corrupta
277 657 379 720 erant.
424 655 513 720 cuius
549 655 612 720 rei·
629 655 854 720 documentum
889 655 1100 720 certissimum
1132 655 1290 740 praebent

91 755 317 841 supplementa
343 757 531 822 lacunarum
553 779 650 841 supra
671 780 702 841 p.
715 756 777 823 XV
799 757 964 822 adnotata.
1002 757 1116 823 deinde
1130 757 1194 822 huo
1219 779 1290 843 per«

81 848 202 923 'unane
221 858 354 923 nomina
376 881 485 924 eorum
508 859 547 923 ad
563 881 640 943 quos
656 858 812 944 epistulae
827 859 920 924 datae
941 861 1027 928 sunt.
1050 859 1106 924 ubi
1128 881 1199 924 oum
1213 859 1289 925 olim

92 959 155 1025 duo
176 961 310 1025 nomina
338 962 458 1045 scripta
487 963 609 1045 essent,
639 961 675 1024 in
702 960 846 1025 Mediceo
873 963 907 1025 et
932 959 1093 1026 Vaticano
1123 961 1230 1027 codiee
1258 964 1291 1026 et

91 1062 204 1147 paucis
220 1063 366 1147 epistulis
382 1062 522 1147 exeeptis
546 1063 643 1128 etiam
665 1063 700 1127 in
716 1062 890 1127 Drasdensi
911 1085 1012 1127 unum
1032 1063 1189 1148 relietum,
1213 1063 1290 1128 alte-

92 1186 164 1229 rum
186 1164 222 1228 in
242 1164 390 1249 plurimis
405 1165 551 1248 epistulis
573 1165 647 1230 libri
668 1163 764 1250 primi
792 1164 893 1251 tertii,
903 1164 1010 1249 quarti
1031 1165 1136 1249 quinti
1159 1186 1198 1229 ex
1219 1164 1291 1230 Flo·

92 1266 224 1332 rentino
250 1269 284 1331 et
305 1266 518 1331 Rieeardiano
545 1266 596 1332 vel
625 1289 663 1332 ex
691 1265 992 1331 uno'Riecardiano
1020 1267 1203 1331 restitutum
1225 1270 1289 1332 est:

92 1391 170 1434 nam
192 1368 228 1432 in
250 1369 389 1434 seeundo
411 1368 493 1433 libro
515 1390 557 1434 ne
578 1368 627 1433 illi
648 1367 775 1454 quidem
798 1367 957 1433 defectum
972 1369 1211 1452 suppleverunt.
1236 1368 1292 1432 red

91 1472 260 1556 praeterea
282 1470 477 1556 paucissima
499 1492 598 1556 eaque
625 1470 709 1535 levia
735 1473 812 1535 sunt
837 1469 917 1535 vitia
944 1491 1024 1554 quae
1045 1471 1140 1535 unius
1162 1469 1291 1535 Floren-

92 1572 155 1637 tini
178 1573 295 1638 codicis
318 1593 378 1657 ope
400 1575 571 1658 sanantur,
598 1595 630 1656 p.
653 1573 707 1656 49,
730 1573 773 1639 20
801 1594 856 1638 nee
884 1577 1072 1637 inducuntur
1098 1583 1127 1636 Ε·
1154 1593 1209 1638 nec
1237 1577 1291 1637 du·

89 1686 206 1742 cuntur
219 1683 327 1741 MVD
350 1696 406 1740 nec
428 1681 606 1740 inciduntur
620 1684 664 1739 D:
685 1674 738 1761 54,
752 1675 774 1739 4
790 1680 940 1756 prospicit
959 1684 988 1737 D
1010 1679 1148 1754 possidet
1167 1683 1291 1740 MVD:

94 1777 187 1862 81,1
207 1783 316 1858 pulmo
338 1787 367 1840 D
382 1784 493 1858 pulum
514 1787 586 1842 MD
608 1783 747 1857 putumq.
770 1786 818 1840 V:
849 1775 969 1861 115‚3
1000 1782 1170 1842 occurrerit
1191 1787 1290 1842 Doc-

94 1887 194 1945 currit
215 1888 245 1943 D
268 1891 413 1945 occurrat
434 1889 520 1944 MV:
556 1879 626 1957 128,
649 1879 691 1944 23
720 1885 811 1958 tonpe
837 1884 987 1958 lonpeque
1007 1888 1036 1941 Ε·
1063 1884 1153 1957 ionpe
1173 1884 1292 1960 tuteque

95 1989 132 2046 Μ
153 1983 187 2046 et
208 1980 355 2046 Rieoard.
379 1989 527 2062 tenpeque
547 1989 587 2046 D.

181 2184 302 2252 Contra
323 2186 379 2251 ubi
402 2185 442 2249 ad
463 2185 642 2251 Florentini
671 2185 789 2250 codicis
816 2185 1008 2269 scripturam
1030 2184 1220 2251 Drasdensis
1243 2208 1292 2252 ac·

97 2288 197 2370 cedit,
221 2286 335 2352 horum
358 2287 549 2353 auctoritate
577 2287 834 2370 incorruptelae
861 2287 1072 2372 suspicionem
1096 2287 1293 2352 inducuntur

97 2389 261 2455 Medioeus
284 2392 316 2454 et
330 2388 524 2473 Vaticanus,
549 2390 615 2454 sive
638 2388 845 2475 neglegentia
860 2388 983 2453 librarii
1005 2389 1071 2454 sive
1086 2387 1293 2474 interpolatio

96 2492 131 2556 in
154 2513 252 2556 eausa
272 2491 345 2556 fuit.
370 2494 403 2555 et
424 2491 650 2577 neglegentiae
677 2491 804 2575 quidem
831 2491 1022 2575 gravissima
1050 2490 1195 2575 exempla
1216 2494 1293 2556 sunt

98 2592 233 2658 lacunae
256 2592 444 2658 Florentino
467 2596 499 2658 et
522 2593 696 2658 Dresdensi
719 2592 825 2657 codiee
848 2591 1032 2675 suppletae,
1055 2615 1087 2676 p.
1104 2593 1146 2657 92
1152 2593 1197 2677 ,l
1221 2598 1291 2658 odii·

97 2701 186 2776 pubis
209 2701 368 2761 Caluisium
390 2705 524 2760 nostrum
547 2716 608 2758 om.
632 2703 721 2768 MV,
745 2694 817 2758 add.
839 2703 915 2760 DD:
951 2694 1026 2777 107,
1048 2694 1090 2758 22
1111 2701 1292 2760 sanctiorem

98 2818 160 2862 om.
183 2807 271 2877 MV,
297 2797 368 2862 add.
392 2806 470 2863 FD:
496 2797 567 2882 108,
589 2797 632 2861 22
660 2803 709 2863 uel
730 2802 762 2860 in
783 2804 1007 2862 accusationem
1030 2803 1190 2862 ueletiam
1211 2818 1291 2863 com·

99 2906 320 2965 mendationem
341 2921 438 2965 mecm
455 2906 564 2965 dicero
578 2908 608 2963 D
623 2905 672 2962 uel
693 2905 725 2963 in
747 2905 971 2964 excusationem
984 2920 1081 2964 meum
1097 2904 1206 2965 dicero
1220 2899 1292 2964 Ην

99 3009 263 3082 conticeret
282 3009 357 3068 mini
376 3008 426 3067 uel
446 3009 477 3067 in
492 3007 716 3066 excusationem
732 3006 884 3066 ueletiam
899 3007 1186 3066 commendationem
1197 3022 1292 3066 meum

99 3111 203 3171 dicere
228 3115 271 3169 D:
307 3104 383 3188 110,
405 3104 447 3168 23
481 3123 579 3183 cnpor
605 3109 784 3183 optimorum
811 3109 989 3168 meritorum
1017 3123 1079 3168 om.
1102 3113 1189 3182 MV,
1220 3103 1291 3169 add.

97 3215 179 3272 FD:
206 3205 276 3285 114,
303 3206 343 3270 10
363 3226 456 3287 super
476 3210 553 3271 nnec
575 3212 822 3286 occupatissimus
844 3226 906 3269 om.
930 3213 1018 3282 MV,
1044 3204 1116 3269 add.
1138 3214 1219 3270 FD:
1246 3205 1290 3270 ib.

101 3309 142 3374 19
156 3314 333 3373 recitantem
347 3329 409 3372 om.
425 3317 513 3387 MV,
539 3307 610 3371 add.
626 3316 700 3370 ΡΙ).
724 3307 938 3391 interpolatae
953 3305 1131 3390 scripturae
1147 3307 1292 3392 exempla

98 3413 177 3476 sunt
205 3409 299 3492 haec,
329 3432 361 3493 p.
385 3411 436 3493 33,
463 3410 501 3474 17
530 3415 688 3488 exemplar
716 3414 788 3473 aeui
801 3415 919 3488 prioris
939 3417 1004 3472 DD
1031 3414 1190 3488 exemptor
1211 3415 1294 3474 uitue

93 3518 213 3596 prioris
234 3521 322 3576 MV:
350 3511 402 3588 39,
424 3511 446 3576 5
468 3531 558 3591 quum
581 3515 826 3576 consuetudinem
848 3517 1003 3590 sequeris?
1029 3515 1134 3575 eadem
1156 3516 1293 3577 omnibus

95 3635 179 3696 pono
206 3622 270 3678 PD
302 3634 392 3693 quem
424 3618 666 3678 consuetudinem
693 3618 827 3692 sequeris
854 3618 1001 3693 respondi
1026 3618 1131 3676 ecdem
1159 3618 1294 3678 omnibus

95 3736 180 3798 pono
201 3724 288 3779 MV:
315 3714 368 3797 56,
392 3715 410 3778 7
439 3720 532 3779 muris
559 3684 715 3780 uriinitute
742 3724 905 3793 corruptus
930 3723 995 3779 FD
1023 3721 1115 3779 muris
1137 3719 1293 3780 uicinitcte

99 3824 198 3884 salsus
219 3824 307 3881 MV:
340 3816 392 3896 62,
422 3818 459 3881 11
488 3823 567 3881 lotus
593 3821 722 3881 uccudct
748 3824 811 3880 FD
838 3821 902 3880 illie
929 3819 1056 3881 cccudct
1075 3824 1163 3881 MV:
1197 3815 1292 3898 87,3

100 3925 153 3986 sue
176 3940 235 3999 quo
256 3923 443 3983 militauerat
463 3925 525 3985 ΕΙ)
547 3923 600 3983 sud
629 3940 688 3998 quo
715 3923 833 3996 tepetus
854 3926 937 3981 MV.
977 3939 1072 4002 saepe
1101 3917 1197 3983 etiam
1221 3938 1292 3981 cum

100 4021 225 4087 lacunis
247 4019 438 4084 coniunctae
466 4022 542 4084 sunt
569 4018 849 4103 interpolationes,
877 4041 909 4102 p.
933 4019 984 4101 54,
1006 4019 1048 4084 22
1075 4030 1147 4085 unte
1172 4029 1292 4099 crypto-

95 4131 249 4207 porticum
277 4132 384 4202 mystus
410 4128 498 4187 uictis
524 4128 685 4187 odoratus:
722 4130 868 4202 teporem·
885 4127 955 4186 sotis
982 4125 1081 4199 infusi
1113 4142 1296 4202 repercussu-

100 4230 345 4309 cryptoporticus
376 4234 483 4303 eupet,
521 4244 600 4303 cuce
631 4233 664 4288 ut
689 4232 769 4287 tenet
795 4229 887 4288 sotem
908 4230 937 4286 P
959 4233 1029 4288 unte
1050 4229 1294 4306 cryptoporticus

101 4337 193 4406 supet
214 4346 293 4406 quce
313 4335 346 4390 ut
368 4335 447 4390 tenet
460 4334 489 4389 D
505 4336 577 4390 unte
597 4331 854 4407 cryptoporticum
869 4346 945 4389 areu
959 4346 1038 4405 quere
1058 4335 1092 4391 ut
1112 4334 1192 4389 tenet
1204 4333 1292 4390 MV:

104 4428 217 4508 130,8
249 4432 381 4492 induetis
410 4435 518 4506 fistulis
548 4438 686 4506 strepunt
717 4435 781 4493 riui
804 4439 833 4492 Ε·
865 4434 985 4493 inducti
1009 4436 1148 4507 strepunt
1175 4433 1239 4492 riui
1262 4437 1292 4492 D

102 4535 204 4596 dulces
224 4540 361 4611 strepunt
382 4535 446 4596 riui
463 4540 509 4597 Μ.
555 4530 631 4595 hine
658 4530 868 4615 explicandae
900 4532 977 4595 sunt
998 4528 1106 4595 variae
1139 4527 1293 4595 librorum
