3024 5062
185 250 246 315 152
657 256 661 260 ’
704 264 735 312 c.
759 265 856 311 Pam

153 419 383 503 benitendum,
411 419 474 502 ipsi
503 416 732 483 elaborandum
754 420 813 482 est.
858 417 941 501 quod
963 418 1091 502 quidem
1113 440 1254 503 semper,
1284 418 1377 504 quasi

181 521 364 606 provideret
384 520 446 605 hoc
467 523 593 604 tempus
600 569 610 602 ,
633 520 743 585 sedulo
764 519 858 584 fecit:
879 520 1007 604 paravit
1022 521 1158 605 amicos,
1181 543 1261 605 quos
1283 543 1376 606 para·

183 626 273 687 verat
296 622 410 704 coluit,
443 643 494 685 me
517 624 618 704 certe,
652 623 689 685 ut
717 622 856 705 primurn
878 620 940 685 sibi
966 621 1109 686 iudicare
1137 622 1300 707 permisit,
1336 624 1377 688 ad

154 728 323 790 tumorem
345 723 621 807 imitationemque
643 722 775 807 delegit.
812 721 933 786 dicenti
955 721 1035 786 mihi
1057 722 1214 788 sollicitus
1236 723 1376 808 adsistit,

184 826 309 890 adsidet
339 826 505 890 recitanti:
548 823 661 908 primis
694 823 791 888 etiam
828 826 861 887 et
893 845 965 887 cum
997 824 1135 889 maxime
1167 825 1404 891 nascentibuss

184 927 343 1012 opusculis
365 928 444 991 meis
467 927 616 1010 interest,
639 948 726 991 nunc
749 926 850 1010 solus,
875 928 951 990 ante
974 926 1184 1010 cumfratre,
1209 927 1299 992 cuius
1322 951 1380 992 nu·
1424 953 1426 957 ’

155 1034 173 1096 7
183 1050 241 1113 per
263 1029 372 1093 amissi
395 1051 455 1114 ego
478 1028 638 1112 suscipere
660 1031 784 1110 partes,
809 1049 870 1114 ego
885 1027 994 1091 ricem
1009 1027 1109 1094 debeo
1122 1027 1257 1113 inplere.
1288 1029 1380 1096 doleo

184 1132 270 1196 enini
298 1136 330 1194 et
361 1131 451 1195 illum
483 1132 646 1194 inmatura
680 1132 782 1193 morte
814 1129 1040 1214 indignissime
1070 1133 1200 1214 raptum
1232 1134 1266 1194 et
1292 1131 1381 1196 hunc

183 1233 296 1317 optimi
329 1233 438 1296 fratris
472 1232 656 1296 adiumento
690 1231 878 1295 destitutum
909 1230 1046 1315 solisque
1080 1231 1191 1295 amicis
1219 1232 1379 1297 relictum.

155 1335 298 1418 8quibus
321 1356 359 1398 ex
383 1335 487 1399 causis
510 1334 604 1418 exigo
626 1335 662 1396 ut
683 1333 795 1396 venias
817 1334 850 1396 et
869 1332 1030 1417 suffragio,
1043 1354 1115 1397 meo
1136 1337 1228 1397 tuum
1250 1335 1380 1429 ipngas.
1394 1357 1419 1398 ro

184 1436 378 1519 permultum
398 1437 534 1500 interest
561 1456 632 1498 mea
653 1437 687 1498 te
709 1437 887 1517 ostentare,
915 1438 1022 1499 tecum
1045 1433 1221 1499 circumire.
1271 1457 1319 1512 ea,
1332 1439 1383 1501 est

186 1537 361 1602 auctoritas
376 1541 442 1620 tua,
457 1541 493 1602 ut
508 1538 618 1620 putem
640 1557 691 1599 me
714 1536 877 1600 efficacius
899 1539 1007 1600 tecum
1030 1535 1129 1601 etiam
1150 1557 1238 1602 meos
1261 1537 1381 1602 amicos

156 1642 382 1724 trogaturum.
428 1639 596 1721 abrumpe,
632 1637 723 1722 siqua
754 1641 787 1701 te
817 1636 977 1702 retinent:
1011 1636 1072 1701 hoc
1104 1641 1232 1721 tempus
1263 1660 1380 1720 meum,

101 1738 103 1742 ’
159 1810 161 1814 .
186 1740 247 1804 hoe
268 1741 363 1823 fides,
387 1740 448 1804 hoc
471 1741 569 1804 etiam
591 1739 734 1824 dignitas
756 1739 911 1823 postulat.
957 1739 1084 1823 suscepi
1107 1739 1326 1824 candidatum,
1350 1744 1383 1805 et

187 1842 364 1926 suscepisse
386 1865 437 1906 me
461 1845 572 1906 notum
595 1845 658 1906 est:
682 1863 743 1927 ego
766 1842 882 1926 ambi0,
905 1862 965 1926 ego
986 1840 1166 1925 periclitor:
1187 1841 1224 1905 in
1247 1863 1382 1925 summa,
1396 1867 1419 1906 rs

187 1945 214 2007 si
237 1944 331 2008 datur
353 1943 478 2009 Nasoni
499 1943 583 2028 quod
604 1944 703 2027 petit,
732 1942 818 2007 illius
848 1942 965 2025 honor3
993 1942 1020 2006 si
1049 1945 1204 2026 negatur,
1234 1964 1307 2007 mea
1334 1964 1383 2007 re·

186 2045 279 2129 pulsa
301 2047 360 2110 est.
404 2047 485 2110 vale.

749 2213 824 2278 VII.

483 2337 512 2390 o.
531 2336 678 2388 animus
697 2335 930 2387 astruentis
950 2335 1043 2387 suaa
1062 2337 1089 2390 s,

161 2462 176 2522 1
273 2453 393 2518 Scribis
426 2457 458 2518 te
491 2453 638 2518 absentia
669 2474 741 2517 mea
770 2475 836 2517 non
868 2452 1072 2517 mediocriter
1099 2453 1194 2518 adfici
1221 2476 1384 2539 unumque
1397 2479 1420 2518 ao

187 2556 306 2620 habere
328 2555 498 2638 solacium,
523 2555 608 2639 quod
629 2577 687 2639 pro
702 2576 752 2618 me
767 2554 892 2618 libellos
906 2575 994 2618 meos
1015 2558 1144 2638 teneas,
1168 2576 1265 2640 saepe
1288 2556 1385 2620 etiam

160 2658 223 2724 2in
246 2657 384 2742 vestigio
405 2678 477 2721 meo
500 2656 657 2722 conloces.
703 2659 832 2742 gratum
860 2656 1014 2740 estquod
1040 2677 1100 2720 nos
1128 2657 1282 2742 requiris,
1312 2679 1385 2744 gra·

188 2762 256 2822 tum
283 2758 367 2843 quod
394 2757 445 2822 his
473 2759 623 2823 fomentis
651 2758 843 2843 adquiescis:
875 2757 1013 2822 invicem
1041 2778 1102 2841 ego
1130 2759 1284 2842 epistulas
1311 2763 1386 2824 tuas

189 2860 300 2924 lectito
334 2864 429 2946 atque
461 2860 635 2926 identidem
668 2861 703 2925 in
733 2881 847 2924 manus
875 2859 966 2944 quasi
994 2880 1095 2924 novas
1124 2881 1229 2944 sum03
1264 2861 1385 2928 sedeo

160 2963 294 3047 3magis
317 2963 357 3025 ed
380 2962 569 3028 desiderium
598 2963 644 3026 tui
669 2962 835 3027 accendor.
880 2981 956 3026 uam
985 2961 1073 3040 citius
1100 2962 1228 3026 litterae
1256 2965 1420 3028 tantumn

190 3064 312 3128 habent
335 3065 501 3128 suavitatis
512 3115 520 3147 ,
556 3065 649 3128 huius
682 3063 881 3128 sermonibus
904 3066 1061 3147 quantum
1083 3063 1260 3128 dulcedinis
1281 3064 1384 3129 inest!

100 3157 110 3162 ’
190 3169 357 3230 tutamen
380 3188 475 3249 quarn
497 3165 754 3250 frequentissime
776 3164 897 3248 scribe,
921 3165 996 3230 licet
1010 3165 1071 3229 hoc
1092 3165 1139 3228 ita
1160 3186 1212 3229 me
1235 3166 1383 3250 delectet,

191 3271 228 3331 ut
249 3270 406 3352 torqueat.
452 3267 532 3332 vale.

259 3528 274 3576 2
293 3527 470 3591 praeuideret
488 3540 504 3582 ς
573 3532 589 3578 3
607 3527 662 3577 sibi
680 3532 760 3577 aetas
778 3527 903 3576 iudicare
920 3541 937 3575 a
994 3526 1028 3575 ad
1047 3541 1166 3577 amorem
1185 3527 1385 3577 imitationem·

192 3610 244 3659 que
264 3596 337 3650 lisa
355 3594 391 3643 ad
410 3611 528 3646 amorem
548 3610 605 3644 rem
623 3595 863 3658 imitationemque
880 3596 924 3656 Dp
942 3608 1062 3645 amorem
1081 3595 1321 3659 imitationemque
1338 3608 1353 3642 r

190 3663 362 3713 isollieitus
379 3664 432 3711 11>
450 3663 558 3713 solicite
575 3677 631 3725 pra
698 3663 827 3727 oprimis
844 3665 873 3710 Η
889 3662 991 3727 primus
1009 3663 1093 3724 Dpra
1145 3668 1174 3711 et
1192 3668 1249 3712 tum
1267 3663 1383 3713 maxime

190 3745 205 3779 r
272 3731 446 3796 boposeulis
463 3733 490 3780 ii
559 3746 620 3781 cum
638 3731 725 3781 fratre
742 3732 833 3785 birsa
850 3746 911 3780 cum
929 3731 1064 3795 patrolip
1118 3732 1147 3778 ll
1167 3746 1229 3780 mea
1246 3736 1275 3781 te
1294 3735 1383 3780 osten-

191 3806 252 3849 tare
270 3800 357 3861 lipsa
373 3815 416 3849 me
435 3799 519 3849 adeas
537 3803 646 3849 tentare
658 3801 687 3846 Η
704 3800 733 3848 in
752 3813 785 3848 ea
803 3814 832 3848 re
851 3803 879 3848 te
897 3801 1067 3849 ostentare:
1152 3802 1242 3849 tecum
1262 3799 1384 3864 circumi-

191 3882 239 3916 rae
258 3873 299 3916 est
315 3867 342 3913 tt
370 3871 475 3915 etcum
496 3867 612 3917 circuire
632 3882 670 3916 aa
694 3872 735 3915 est
751 3867 774 3914 D
793 3871 820 3916 et
838 3872 895 3915 tum
912 3867 1027 3916 circuire
1046 3881 1080 3915 aa
1099 3870 1143 3915 est
1158 3879 1215 3927 pra
1233 3872 1262 3916 et
1280 3881 1383 3916 mecum

192 3933 316 3985 circuire.
337 3949 371 3984 ea
390 3940 432 3983 est
450 3933 591 3985 Siodardus
678 3937 708 3984 12
728 3931 782 3999 me]
807 3950 842 3983 ne
860 3935 904 3996 Dp
973 3948 1049 3984 meos
1067 3947 1148 3984 om.r
1218 3935 1249 3984 15
1268 3934 1297 3983 in
1316 3949 1384 3984 sum·

192 4018 264 4051 mam
282 4004 309 4050 Η

259 4071 312 4119 Vll
330 4071 361 4119 21
381 4069 510 4120 solatium
528 4073 555 4119 tt
641 4086 725 4135 saepe
745 4071 830 4120 etiam
847 4073 897 4125 15
915 4084 1000 4134 saepe
1019 4071 1092 4119 enim
1110 4072 1195 4132 Dpra
1237 4028 1256 4070 ι
1273 4071 1306 4118 22
1324 4084 1383 4134 gra·

192 4143 249 4186 tum
268 4145 311 4188 est
329 4133 402 4203 quod
419 4153 469 4188 nos
488 4139 611 4203 requires
630 4145 737 4205 gratum
765 4137 836 4203 quod
852 4138 880 4185 li
904 4144 1012 4202 gratum
1041 4137 1112 4203 quod
1139 4140 1196 4200 (cnr.
1217 4142 1325 4202 gratum
1344 4139 1384 4186 est

193 4205 263 4270 quod
280 4221 330 4255 nos
348 4207 477 4270 requiris)
494 4208 579 4270 lipra
605 4212 714 4272 gratum
733 4212 776 4256 est
795 4206 866 4270 quod
890 4222 939 4256 nos
958 4207 1084 4270 requiris,
1104 4205 1176 4268 quod
1193 4210 1266 4270 eulpa
1285 4222 1321 4256 ex
1340 4205 1383 4254 Ca-

193 4276 280 4323 :cnaei
297 4275 407 4324 editione
424 4277 537 4324 sectando
621 4277 655 4325 24
673 4274 761 4340 adque
777 4277 804 4323 Η
891 4271 934 4339 eo]
956 4287 1039 4339 eger
1106 4275 1139 4324 27
1158 4289 1240 4338 quam
1258 4273 1383 4337 frequen·

195 4342 298 4391 tissime
316 4343 343 4390 Η
362 4343 585 4408 frequentIssime
603 4345 687 4406 Dpra
754 4358 797 4392 me
815 4342 856 4391 ita
873 4344 895 4390 Ι)
