3024 5062
149 271 212 336 262
382 358 383 361 Ἴ
673 282 702 367 ⁰:
727 283 824 330 rnnu

120 443 236 506 9mare
264 439 394 503 revolvi.
432 439 558 502 constat
587 428 756 502 Octavium
783 436 931 519 Avitum,
962 438 1107 524 legatum
1133 439 1344 526 proconsulis,

149 543 184 606 in
211 543 287 606 litus
316 541 428 604 educto
455 539 612 624 religione
642 559 742 623 prava
767 539 985 622 superfudisse
1008 551 1223 625 unguentum,
1255 541 1344 605 cuius

148 643 238 707 illum
261 644 436 706 novitatem
451 642 640 724 odoremque
662 641 697 704 in
713 640 813 705 altum
835 640 992 726 refugisse
1007 663 1067 706 nec
1089 641 1154 706 nisi
1175 644 1250 725 post
1264 641 1343 707 mul·

148 750 199 809 tos
221 745 288 809 dies
303 744 406 807 risum
428 742 617 827 languidum
639 746 672 806 et
686 746 860 821 maestum,
882 765 955 807 mox
970 743 1103 809 redditis
1125 743 1246 809 viribus
1262 743 1346 829 prio·

101 848 140 912 10
149 868 216 910 rem
242 845 407 910 lasciviam
430 848 462 909 ct
484 844 579 908 solita
599 844 779 908 ministeria
805 845 970 929 repetisse.
1003 845 1207 910 confluebant
1234 856 1372 910 omness

151 949 191 1012 ad
218 946 436 1032 spectaculum
463 946 686 1030 magistratus,
717 967 852 1030 quorum
879 947 1018 1011 adventu
1045 951 1079 1011 et
1104 968 1194 1012 mora
1220 946 1347 1011 modica

150 1072 200 1114 res
228 1049 357 1133 publica
390 1048 482 1113 novis
509 1048 689 1131 sumptibus
723 1047 930 1112 atterebatur.
972 1052 1132 1132 postremo
1159 1049 1250 1113 locus
1277 1049 1346 1132 ipse

151 1151 290 1234 quietem
313 1171 404 1215 suam
425 1151 644 1234 secretumque
660 1147 824 1232 perdebat.
855 1149 977 1233 placuit
999 1150 1123 1214 occulte
1144 1148 1285 1214 interfici
1307 1149 1347 1214 ad

102 1252 233 1335 llquod
257 1251 410 1316 coibatur.
442 1254 521 1314 haec
542 1253 579 1314 tu
601 1272 664 1334 qua
680 1249 902 1333 miseratione,
926 1272 989 1334 qua
1012 1251 1104 1335 copia
1126 1251 1274 1335 deflebis,
1299 1272 1347 1316 or·

150 1353 259 1437 nebia,
288 1352 430 1417 attolles!
469 1373 661 1436 quamquam
688 1372 756 1415 non
785 1355 835 1416 est
862 1374 942 1437 opus
970 1352 1116 1438 adfingas
1144 1352 1265 1438 aliquid
1291 1354 1347 1417 aut
1360 1378 1384 1418 ιο

152 1456 315 1520 adstruas:
338 1454 458 1520 sufficit
479 1475 520 1519 ne
543 1475 581 1518 ea
602 1476 684 1539 quae
705 1457 782 1519 sunt
803 1475 879 1520 vera
900 1455 1098 1520 minuantur.
1128 1455 1209 1520 vale.

662 1623 833 1690 XXXIIII.

458 1745 487 1799 c.
506 1745 654 1797 rumrus
672 1745 909 1808 rnuucumno
929 1745 998 1798 suo
1017 1747 1044 1800 a.

124 1867 140 1928 1
236 1862 373 1946 Explica
390 1866 512 1927 aestum
527 1883 649 1926 meum:
673 1862 766 1925 audio
780 1861 930 1927 memale
951 1862 1075 1947 legere,
1098 1862 1268 1926 dumtaxat
1281 1882 1349 1926 ver-

152 1986 221 2047 sus3
250 1965 410 2028 orationes
438 1964 524 2028 enim
553 1965 732 2047 commode,
762 1965 816 2028 sed
843 1963 1065 2028 tantominus
1087 1985 1208 2029 versus.
1241 1963 1383 2048 cogitors

153 2087 229 2150 ergo
262 2066 454 2129 recitaturus
487 2064 700 2130 familiaribus
724 2063 844 2131 ¹amicis
879 2066 1017 2149 experiri
1052 2065 1203 2131 libertum
1232 2087 1347 2130 meum.

151 2167 212 2231 hoc
227 2188 350 2252 quoque
371 2167 546 2249 familiare,
570 2168 653 2252 quod
675 2169 757 2254 elegi
772 2190 839 2233 non
854 2168 950 2252 bene,
974 2168 1029 2232 scd
1043 2167 1157 2232 melius
1178 2167 1347 2250 lecturum,

123 2270 180 2337 asi
203 2276 312 2332 tamen
327 2290 394 2333 non
416 2269 514 2333 fuerit
528 2271 743 2353 perturbatus.
774 2272 823 2334 est
839 2270 924 2333 enim
941 2272 1007 2333 tam
1022 2290 1123 2334 novus
1137 2269 1239 2334 lector
1254 2291 1349 2353 quam

153 2391 213 2454 ego
235 2373 341 2453 poeta.
372 2371 440 2454 ipse
462 2371 662 2454 nescioquid
683 2370 739 2435 illo
760 2371 889 2456 legente
911 2370 1043 2435 interim
1062 2370 1197 2455 faciam,
1222 2370 1349 2435 sedeam

153 2472 274 2536 defixus
297 2475 330 2536 et
350 2475 456 2536 mutus
472 2476 504 2536 et
526 2473 639 2537 similis
660 2473 777 2555 otioso,
802 2494 860 2555 an,
883 2475 920 2537 ut
935 2473 1080 2557 quidam,
1105 2493 1186 2556 quae
1208 2492 1384 2556 pronun-ao

152 2573 249 2638 tiabit
270 2594 431 2638 murmure
447 2572 552 2637 oculis·
568 2595 668 2638 manu
688 2595 873 2658 prosequar.
905 2574 960 2639 sed
981 2577 1059 2657 puto
1081 2596 1132 2639 me
1154 2595 1221 2638 non
1243 2574 1350 2639 minus

152 2676 236 2739 male
259 2675 376 2739 saltare
399 2697 494 2759 quam
516 2674 633 2759 legere.
664 2675 781 2739 iterum
803 2675 925 2758 dicam,
949 2675 1075 2760 explica
1098 2678 1222 2740 aestum
1243 2696 1350 2740 meum

153 2799 287 2862 vereque
309 2777 464 2860 rescribe,
488 2798 565 2840 num
588 2777 630 2840 sit
652 2776 765 2841 melius
786 2777 923 2861 pessime
945 2777 1068 2863 legere,
1096 2799 1193 2862 quam
1214 2776 1351 2844 ista'vel

155 2900 220 2943 non
241 2878 348 2944 facere
369 2878 420 2944 vel
440 2880 557 2943 facere.
589 2879 669 2943 vale.

684 3037 820 3112 XXXV.
1362 3083 1409 3123 ,Ξ

349 3172 362 3206 0
522 3168 553 3222 o.
567 3169 714 3220 PLINIUS
732 3168 843 3221 armo
864 3168 934 3221 suo
953 3168 980 3220 s

126 3287 144 3352 1
238 3284 370 3350 Librum
391 3307 486 3371 quem
500 3285 617 3350 misisti
638 3284 746 3371 recepi
768 3288 801 3349 et
821 3285 944 3370 gratias
967 3307 1038 3372 ago.
1073 3307 1144 3351 sum
1163 3288 1276 3351 tamen
1290 3286 1350 3352 hoc

153 3391 298 3471 tempore
326 3387 610 3472 occupatissimus:
645 3387 716 3451 ideo
743 3386 886 3452 nondum
914 3409 987 3452 eum
1014 3387 1096 3472 legi,
1131 3409 1203 3452 cum
1231 3388 1350 3473 alioqui

222 3629 376 3680 lreuoluit
395 3630 561 3680 constanti)
639 3628 750 3678 Avitum
767 3639 827 3682 rea
845 3628 949 3678 ebitum
967 3630 989 3677 1)
1007 3627 1165 3690 habitump
1254 3624 1356 3680 rocon·x

154 3697 223 3748 sulis
240 3710 280 3752 §a
296 3712 407 3762 procon.
427 3710 463 3758 pr
481 3695 712 3762 proconsulemD
781 3696 928 3747 tseducto
946 3698 968 3745 1)
988 3695 1120 3746 eductas
1189 3645 1308 3748 3illea

154 3766 280 3816 nouitate
298 3780 314 3828 p
367 3764 542 3828 ordinemque
559 3766 594 3813 D:
611 3765 727 3827 sortasse
746 3762 909 3828 odoremque
929 3767 1107 3828 aspernatum
1125 3762 1155 3812 in
1172 3762 1261 3814 altum
1278 3764 1348 3815 refu·

154 3835 238 3898 gisse.
342 3835 357 3885 5
377 3833 460 3882 solita
479 3831 631 3882 ministeria
648 3844 706 3886 rsa
729 3831 839 3882 solitam
862 3831 976 3882 iussisse
995 3831 1070 3883 seria
1087 3832 1109 3879 D
1128 3830 1241 3881 solitam
1261 3833 1345 3882 uisum

155 3916 215 3950 esse
234 3903 306 3952 seria
324 3917 340 3965 p
410 3902 426 3950 6
444 3900 479 3949 ad
498 3899 687 3964 spectaculum
706 3914 798 3950 omnes
817 3914 834 3948 a
885 3899 993 3950 modica
1009 3914 1082 3965 resp.
1095 3898 1176 3948 nouis
1195 3900 1344 3966 sumptibus

152 3982 189 4016 re
206 3969 314 4019 modica
332 3985 404 4035 resp.
425 3969 604 4018 nouissimum
622 3968 745 4033 partibus
763 3969 806 4029 Dp
824 3967 977 4018 immodicis
1000 3983 1072 4031 resp.
1091 3966 1247 4031 sumptibus
1266 3979 1283 4024 ς

153 4036 352 4100 8prodebatr
438 4032 558 4102 occulto]
578 4042 721 4086 secretae
800 4031 876 4102 9tu]
896 4041 976 4085 tuar
1045 4037 1078 4085 10
1095 4033 1232 4101 affigasp
1300 4037 1344 4085 aut

155 4119 283 4155 asseruas
300 4107 323 4153 1)
341 4109 389 4156 aut
408 4108 499 4154 struas
518 4119 535 4152 ι

221 4223 381 4274 XXXXIIII
399 4224 431 4274 15
449 4221 588 4274 commode
607 4221 655 4273 sed
672 4235 689 4272 a
706 4221 852 4272 commodis
877 4224 905 4272 et
922 4222 944 4269 D
963 4219 1129 4272 commodius
1148 4226 1178 4272 et
1195 4237 1231 4285 pr
1315 4221 1342 4270 16

154 4288 232 4356 ergo]
252 4307 305 4358 quo
322 4307 337 4342 r
405 4294 437 4342 17
455 4290 506 4341 sed
523 4290 621 4339 melius
640 4292 698 4340 scio
716 4289 848 4340 lecturum
865 4301 923 4345 rsa
946 4290 982 4339 sit
999 4287 1097 4339 melius
1115 4288 1252 4340 lecturum
1268 4291 1289 4339 D
1307 4290 1341 4340 eit

154 4358 250 4410 melius
268 4358 391 4411 lecturus
408 4373 424 4421 p
493 4360 527 4409 '20
544 4357 648 4408 defixus
666 4363 758 4408 mutus
774 4359 838 4420 Dpr
905 4359 939 4407 24
956 4356 1003 4408 vel
1021 4357 1116 4408 facere
1134 4373 1182 4408 om.
1200 4370 1215 4406 r

221 4476 324 4529 XXXV
342 4480 375 4528 26
393 4476 504 4529 ATRIO
522 4478 543 4527 1>
562 4475 697 4594 Appiopr
715 4475 848 4541 Oppios:
865 4476 980 4539 fortasse
997 4474 1073 4527 Attio
1142 4477 1176 4528 27
1195 4477 1338 4543 recepiant.

154 4545 197 4610 Dp
266 4546 406 4598 tamenin
424 4545 516 4596 hoel)
585 4542 742 4609 2alioqui
761 4543 904 4595 Coronaeus
922 4559 939 4594 a
957 4543 1064 4610 aliquid
1080 4545 1144 4609 Bpr
