3024 5062
209 247 269 310 128
727 260 757 307 c.
780 261 877 307 Pmnr

207 415 441 498 superpositum
472 418 521 478 est
548 413 827 497 sphaeristerium,
861 413 944 497 quod
977 411 1070 495 plura
1097 431 1218 494 genera
1246 412 1402 476 exercita-

206 517 304 579 tionis
333 517 501 600 pluresque
530 516 664 580 circulos
693 515 790 598 capit.
842 536 908 579 non
934 512 1048 598 procul
1077 534 1096 576 a
1123 512 1251 576 balineo
1281 513 1399 595 scalae,

207 639 288 701 quae
315 618 350 680 in
378 617 650 701 cryptoporticum
677 616 808 696 ferunt,
830 616 918 699 prius
946 616 986 679 ad
1015 616 1138 679 diaetas
1165 618 1242 679 tres.
1287 614 1401 678 harum

207 719 272 782 alia
294 720 419 783 areolae
440 719 506 803 illi,
529 721 564 782 in
586 740 648 801 qua
662 717 788 801 platani
803 720 970 801 quattuor,
994 718 1059 781 alia
1081 719 1189 800 prato,
1212 716 1276 780 alia
1299 717 1402 781 vincis

155 823 196 887 28
206 821 354 884 imminet
376 821 579 904 diuersasque
602 820 680 884 caeli
703 823 811 904 partes
833 822 870 882 ut
888 822 1078 902 prospectus
1094 818 1202 882 habet.
1225 820 1261 882 in
1277 840 1427 882 summac

203 915 446 1005 cryptoporticu
482 921 661 985 cubiculum
690 942 728 984 ex
755 922 826 1005 ipsa
854 920 1094 1005 cryptoporticu
1121 921 1279 1004 excisum,
1318 920 1402 1004 quod

207 1022 453 1106 hippodromum
482 1024 591 1087 vineas
618 1027 744 1087 montes
771 1023 923 1086 intuetur.
968 1022 1115 1107 iungitur
1145 1022 1325 1086 cubiculum
1347 1023 1401 1086 ob-

206 1125 292 1188 vium
314 1125 384 1208 soli,
408 1125 548 1188 maxime
570 1124 715 1189 hiberno,
745 1123 823 1188 hinc
844 1124 946 1188 oritur
968 1125 1087 1208 diaeta,
1111 1145 1190 1208 quae
1213 1123 1308 1188 villae
1331 1123 1402 1207 hip-

155 1229 197 1293 29
205 1226 393 1309 podromum
417 1226 571 1292 adnect‘t.
615 1227 695 1290 haec
722 1226 838 1310 facies,
867 1225 920 1289 hic
941 1247 1017 1289 usus
1046 1249 1064 1288 a
1092 1225 1211 1289 fronte.
1256 1247 1276 1288 a
1297 1226 1400 1289 latere

207 1328 328 1392 aestiva
351 1329 606 1412 cryptoporticus
628 1329 662 1393 in
679 1329 763 1393 edito
778 1329 901 1412 posita,
926 1350 1006 1412 quae
1021 1349 1088 1391 non
1111 1328 1254 1411 aspicere
1276 1328 1439 1412 vineas,10

206 1429 261 1492 sed
282 1433 418 1513 tangere
440 1431 578 1495 videtur:
602 1431 637 1493 in
659 1429 764 1493 media
786 1430 964 1494 triclinium
979 1429 1223 1494 saluberrimum
1245 1429 1401 1493 adflatum

206 1553 245 1594 ex
267 1532 457 1615 Appennini
479 1532 615 1597 vallibus
638 1532 769 1615 recipit:
805 1535 879 1614 post
905 1531 1069 1595 latissimis
1097 1531 1248 1595 fenestris
1275 1531 1399 1615 vineas,

154 1638 196 1701 30
205 1633 306 1696 valvis
329 1655 428 1718 aeque
450 1635 578 1717 vineas,
602 1634 657 1697 sed
679 1655 736 1716 per
759 1633 1047 1718 cryptoporticum,
1077 1633 1168 1717 quasi
1191 1633 1343 1698 admittit.
1381 1656 1401 1697 a

154 1712 160 1733 ¹
204 1735 304 1799 latere
326 1736 469 1819 triclinii,
493 1736 576 1820 quod
597 1735 749 1799 fenestris
765 1739 863 1820 caret,
888 1735 993 1799 scalae
1016 1735 1161 1798 convivio
1183 1734 1276 1798 utilia
1298 1756 1400 1799 secre-

194 1837 285 1900 'tiore
308 1838 397 1901 aditu
419 1840 608 1921 suggemnt.
652 1837 687 1900 in
709 1837 774 1900 fine
789 1836 980 1920 cubiculum,
1006 1837 1056 1901 cui
1078 1858 1144 1900 non
1160 1837 1266 1900 minus
1287 1836 1438 1902 incur-15

204 1938 279 2001 dum
316 1943 520 2022 prospectum
551 1939 805 2023 cryptoporticus
841 1939 911 2022 ipsa
948 1961 1044 2023 quam
1079 1939 1193 2002 vineae
1229 1939 1398 2021 praebent.

204 2041 314 2103 subest
330 2041 584 2124 cryptoporticus
600 2041 827 2104 subterraneae
847 2041 975 2138 similis3
998 2043 1120 2104 aestate
1135 2040 1259 2104 incluso
1276 2040 1399 2124 frigore

153 2148 190 2211 31
204 2141 289 2224 riget
304 2145 517 2226 contentaque
533 2147 603 2205 aere
625 2163 681 2205 suo
696 2164 756 2206 nec
778 2143 938 2206 desiderat
952 2164 1046 2206 auras
1060 2163 1121 2206 nec
1143 2142 1296 2207 admittit.
1325 2145 1400 2227 post

203 2246 371 2327 utramque
387 2245 657 2328 cryptoporticum
677 2245 762 2308 unde
777 2245 953 2309 triclinium
976 2244 1095 2308 desinit
1108 2245 1225 2327 incipit
1242 2246 1397 2329 porticus,

204 2348 280 2409 ante
302 2346 440 2409 medium
463 2347 547 2409 diem
569 2345 719 2430 hiberna,
743 2347 899 2411 inclinato
921 2347 972 2410 die
994 2347 1124 2411 aestiva.
1155 2345 1217 2410 hac
1239 2347 1435 2412 adeunturao

203 2447 329 2511 diaetae
344 2449 434 2531 duae,
459 2469 592 2532 quarum
614 2447 648 2511 in
673 2450 773 2512 altera
796 2449 942 2513 cubicula
964 2452 1124 2533 quattuor,
1144 2449 1246 2513 altera
1260 2450 1335 2533 tria,
1361 2453 1398 2513 ut

153 2556 194 2618 32
205 2550 352 2614 circumit
381 2550 445 2633 sol,
477 2553 533 2613 aut
554 2550 620 2614 sole
635 2553 769 2614 utuntur
796 2553 853 2614 aut
879 2552 1001 2616 umbra.
1046 2551 1131 2615 hanc
1153 2551 1397 2634 dispositionem

204 2654 492 2735 amoenitatemque
526 2654 684 2715 tectorum
714 2653 811 2737 longe
842 2652 1002 2737 longeque
1034 2653 1197 2736 praecedit
1225 2653 1397 2737 hippodro-

202 2776 281 2818 mus.
312 2754 434 2817 medius
456 2754 593 2836 patescit
615 2755 786 2838 statimque
806 2755 998 2819 intrantium
1019 2755 1119 2819 oculis
1140 2758 1226 2819 totus
1249 2755 1396 2838 offertum

201 2856 343 2939 platanis
366 2855 566 2919 circumitur:
589 2855 664 2920 illae
686 2856 804 2920 hedera
827 2859 1024 2941 vestiuntur,
1046 2861 1145 2941 utque
1166 2879 1309 2921 summae
1331 2859 1430 2921 suisa

201 2959 247 3020 ita
269 2959 352 3025 imae
375 2957 488 3020 alienis
510 2958 678 3022 frondibus
700 2959 821 3022 virent:
843 2958 961 3023 hedera
983 2963 1133 3023 truncum
1149 2962 1182 3023 et
1195 2981 1301 3024 ramos
1323 2983 1394 3045 per-

201 3063 287 3122 errat
313 3059 498 3142 vicinasque
532 3059 678 3143 platanos
705 3061 845 3125 transitu
872 3083 929 3125 suo
959 3061 1102 3145 copulat:
1139 3061 1198 3125 has
1220 3062 1324 3126 buxus
1347 3063 1393 3127 in·

200 3160 351 3224 teriacet:
389 3161 562 3225 exteriores
591 3162 690 3226 buxos
714 3163 924 3227 circumvenit
947 3163 1054 3227 laurus
1076 3164 1270 3248 umbraeque
1292 3165 1393 3248 plata·

202 3335 402 3342 *Ἣ-

268 3456 281 3502 1
299 3453 510 3518 phaeristerium
532 3457 586 3503 HD
706 3458 721 3504 2
739 3471 793 3504 non
811 3455 997 3520 proculiunt
1018 3471 1070 3506 nec
1088 3456 1185 3522 procul
1203 3459 1291 3518 Fpra

199 3521 310 3570 balieno
328 3523 349 3568 Β
366 3521 491 3572 balienos
509 3525 535 3571 Ι
638 3526 653 3573 3
672 3525 901 3588 crypioporticum
919 3527 948 3571 li
1064 3527 1082 3575 4
1100 3525 1157 3574 alia
1173 3531 1254 3590 prato
1272 3525 1362 3577 uineis
1378 3540 1391 3574 r

267 3592 283 3639 5
300 3590 424 3639 imminet
442 3591 621 3654 diuersasque
638 3592 706 3645 Μτς
731 3593 875 3642 imminent
896 3593 1076 3656 diuersasque
1094 3595 1115 3641 F
1133 3593 1253 3644 Riceord.
1273 3607 1289 3643 a
1306 3595 1391 3644 minet

198 3656 276 3707 diuer
302 3658 426 3708 imminet
456 3658 634 3723 diuersasque
664 3661 685 3706 Β
708 3661 805 3709 iminet
828 3660 946 3710 diuersis
964 3660 1176 3725 diuersasqucp
1280 3678 1390 3728 prospe·

199 3723 271 3790 ctus]
292 3727 466 3790 prolectusr
572 3727 700 3791 eipsop
806 3730 909 3779 8hinc
927 3729 1077 3779 coliturF:
1105 3730 1220 3779 hinc-
1237 3731 1325 3780 villae
1342 3747 1389 3781 om.

198 3794 225 3839 Μ
310 3794 403 3843 diaeta
420 3795 486 3848 Fra.
503 3798 566 3845 zeta
583 3797 645 3856 Dpr
763 3794 854 3866 anie]
873 3797 972 3848 hincli
1074 3796 1152 3865 usus]
1176 3800 1251 3848 nisus
1269 3811 1305 3854 ις

200 3864 231 3911 10
250 3859 370 3927 aestiva]
400 3863 529 3913 estimor
649 3865 678 3912 11
699 3864 859 3914 tricilinium
877 3868 899 3913 Β
1014 3868 1047 3930 12
1072 3867 1224 3931 appennini
1240 3869 1269 3913 li
1287 3883 1388 3933 appen-

199 3929 271 3979 ninis
288 3930 396 3991 FDprc
481 3932 585 3996 accipit
601 3933 664 3992 Dpr
750 3935 782 3982 14
799 3934 905 3983 triclini
922 3934 1089 3998 litriclinio
1107 3936 1134 3982 n
1202 3937 1322 3999 parctI)

198 3993 290 4064 utilia]
311 4006 340 4046 ut
358 3998 407 4048 illa
424 4001 450 4047 11
468 3998 558 4049 utillia
576 4000 597 4047 Β
699 4003 833 4052 secretior
850 4003 877 4049 Μ
975 4004 1006 4052 15
1025 4002 1103 4051 aditu
1121 4004 1275 4067 Pomponius
1292 4005 1389 4054 Laetus

199 4066 303 4115 ambitu
320 4068 445 4129 HFDpa
463 4068 613 4118 ambitusr
681 4072 711 4119 17
724 4067 832 4134 subest]
853 4069 902 4120 snb
921 4071 1005 4120 istor
1086 4073 1117 4121 18
1136 4071 1388 4136 contemptaque!¹

266 4136 330 4185 a'crc
349 4151 396 4188 om.
413 4137 435 4182 Β
506 4139 537 4186 19
555 4136 706 4186 tricilinum
723 4140 765 4186 Β.
841 4140 874 4188 20
891 4134 957 4205 hac]
977 4137 1087 4187 haecli
1156 4141 1186 4188 21
1206 4141 1236 4188 in
1254 4140 1388 4190 laterali

248 4202 342 4252 cubila
358 4206 380 4251 Β
448 4207 481 4253 22
500 4209 548 4254 aut
565 4204 624 4254 sole
643 4209 759 4254 utuntur
776 4206 862 4258 om.D
925 4208 958 4256 23
976 4210 1111 4256 tectorum
1130 4211 1164 4259 ul.
1183 4224 1249 4256 man.
1268 4210 1388 4258 inlitora

196 4272 217 4317 Β
304 4270 385 4335 longe
403 4270 539 4336 longeque
557 4274 578 4320 F
596 4272 677 4338 longe
695 4274 806 4337 lateque
826 4275 853 4320 H
870 4275 989 4328 Riccurd.
1008 4289 1044 4330 τς
1062 4274 1119 4326 late
1138 4275 1276 4339 longeque
1295 4289 1311 4325 a
1328 4275 1387 4326 lon·

178 4353 285 4407 ¹gequc
304 4341 347 4400 np
366 4340 447 4406 longe
465 4343 537 4405 vtelpo
617 4344 650 4390 24
668 4338 845 4408 intrantium]
864 4341 893 4391 in
912 4344 1098 4395 transitumn
1168 4343 1320 4393 efferturli

264 4460 296 4507 25
315 4457 396 4507 edera
414 4463 440 4509 Ι
492 4461 525 4509 26
543 4457 627 4525 imae]
648 4477 690 4510 me
708 4464 729 4509 Β
802 4461 1028 4513 hederarumcum
1046 4466 1073 4511 Μ
1092 4463 1176 4512 edera
1195 4463 1347 4513 trunculuru
1365 4462 1385 4510 F

119 4587 121 4591 ἢ
196 4527 317 4595 Iliceord.
388 4525 426 4594 et]
447 4534 507 4578 utr
575 4527 609 4578 28
628 4529 809 4579 exteriorisli
896 4532 1067 4582 blatanorum
1085 4533 1112 4579 Μ
