<?xml version="1.0" encoding="UTF-8"?>
<!DOCTYPE html PUBLIC "-//W3C//DTD XHTML 1.0 Transitional//EN"
    "http://www.w3.org/TR/xhtml1/DTD/xhtml1-transitional.dtd">
<html xmlns="http://www.w3.org/1999/xhtml" xml:lang="en" lang="en">
 <head>
  <title>
</title>
<meta http-equiv="Content-Type" content="text/html;charset=utf-8" />
  <meta name='ocr-system' content='tesseract 3.04.00' />
  <meta name='ocr-capabilities' content='ocr_page ocr_carea ocr_par ocr_line ocrx_word'/>
</head>
<body>
  <div class='ocr_page' id='page_1' title='image "./cplinicaecilise03plingoog_0371.png"; bbox 0 0 3024 5062; ppageno 0'>
   <div class='ocr_carea' id='block_1_1' title="bbox 154 1642 1213 2556">
    <p class='ocr_par' dir='ltr' id='par_1_1' title="bbox 154 1642 1213 2556">
     <span class='ocr_line' id='line_1_1' title="bbox 154 1642 532 1707; baseline -0.005 -14"><span class='ocrx_word' id='word_1_1' title='bbox 154 1645 177 1693; x_wconf 83' lang='grc' dir='ltr'><strong>Δ</strong></span> <span class='ocrx_word' id='word_1_2' title='bbox 195 1644 280 1707; x_wconf 80' lang='lat' dir='ltr'><strong>sodex</strong></span> <span class='ocrx_word' id='word_1_3' title='bbox 298 1643 449 1693; x_wconf 77' lang='lat' dir='ltr'><strong>Vaticanus</strong></span> <span class='ocrx_word' id='word_1_4' title='bbox 468 1642 532 1692; x_wconf 78' lang='grc'>3461</span> 
     </span>
     <span class='ocr_line' id='line_1_2' title="bbox 204 1726 950 1792; baseline -0.005 -13"><span class='ocrx_word' id='word_1_5' title='bbox 204 1728 238 1779; x_wconf 76' lang='lat' dir='ltr'><strong>A²</strong></span> <span class='ocrx_word' id='word_1_6' title='bbox 257 1728 378 1777; x_wconf 85' lang='lat' dir='ltr'><strong>eiusdem</strong></span> <span class='ocrx_word' id='word_1_7' title='bbox 399 1726 499 1776; x_wconf 80' lang='lat' dir='ltr'><strong>codicis</strong></span> <span class='ocrx_word' id='word_1_8' title='bbox 518 1731 658 1777; x_wconf 78' lang='lat' dir='ltr'><strong>corrector</strong></span> <span class='ocrx_word' id='word_1_9' title='bbox 946 1785 950 1792; x_wconf 28' lang='lat'><strong>¹</strong></span> 
     </span>
     <span class='ocr_line' id='line_1_3' title="bbox 204 1809 1140 1863; baseline -0.001 -2"><span class='ocrx_word' id='word_1_10' title='bbox 204 1828 221 1861; x_wconf 79' lang='lat' dir='ltr'>a</span> <span class='ocrx_word' id='word_1_11' title='bbox 238 1812 323 1863; x_wconf 75' lang='lat' dir='ltr'><strong>codex</strong></span> <span class='ocrx_word' id='word_1_12' title='bbox 341 1810 612 1861; x_wconf 81' lang='lat' dir='ltr'><strong>Wolfenbuttelanus</strong></span> <span class='ocrx_word' id='word_1_13' title='bbox 633 1809 702 1860; x_wconf 85' lang='lat' dir='ltr'><strong>Gud.</strong></span> <span class='ocrx_word' id='word_1_14' title='bbox 720 1813 753 1860; x_wconf 81' lang='lat'><strong>45</strong></span> <span class='ocrx_word' id='word_1_15' title='bbox 773 1811 868 1859; x_wconf 67' lang='lat' dir='ltr'><strong>eumd</strong></span> <span class='ocrx_word' id='word_1_16' title='bbox 886 1810 945 1860; x_wconf 84' lang='lat' dir='ltr'><strong>fere</strong></span> <span class='ocrx_word' id='word_1_17' title='bbox 965 1810 1140 1861; x_wconf 84' lang='lat' dir='ltr'><strong>consentiens</strong></span> 
     </span>
     <span class='ocr_line' id='line_1_4' title="bbox 154 1894 668 1960; baseline -0.006 -14"><span class='ocrx_word' id='word_1_18' title='bbox 154 1900 174 1946; x_wconf 91' lang='lat' dir='ltr'><strong>B</strong></span> <span class='ocrx_word' id='word_1_19' title='bbox 193 1896 368 1948; x_wconf 82' lang='lat' dir='ltr'><strong>consentiens</strong></span> <span class='ocrx_word' id='word_1_20' title='bbox 387 1898 527 1960; x_wconf 80' lang='lat' dir='ltr'><strong>scriptura</strong></span> <span class='ocrx_word' id='word_1_21' title='bbox 546 1894 668 1945; x_wconf 84' lang='lat' dir='ltr'><strong>codicum</strong></span> 
     </span>
     <span class='ocr_line' id='line_1_5' title="bbox 204 1980 509 2032; baseline -0.007 0"><span class='ocrx_word' id='word_1_22' title='bbox 204 1984 220 2032; x_wconf 93' lang='lat' dir='ltr'>b</span> <span class='ocrx_word' id='word_1_23' title='bbox 237 1980 459 2032; x_wconf 86' lang='lat' dir='ltr'><strong>Vindobonensis</strong></span> <span class='ocrx_word' id='word_1_24' title='bbox 476 1982 509 2030; x_wconf 88' lang='grc'><strong>48</strong></span> 
     </span>
     <span class='ocr_line' id='line_1_6' title="bbox 206 2065 484 2128; baseline 0.018 -16"><span class='ocrx_word' id='word_1_25' title='bbox 206 2065 221 2128; x_wconf 87' lang='grc' dir='ltr'>β</span> <span class='ocrx_word' id='word_1_26' title='bbox 238 2065 416 2116; x_wconf 81' lang='lat' dir='ltr'><strong>Monacensis</strong></span> <span class='ocrx_word' id='word_1_27' title='bbox 435 2067 484 2116; x_wconf 84' lang='lat'><strong>309</strong></span> 
     </span>
     <span class='ocr_line' id='line_1_7' title="bbox 155 2148 1213 2216; baseline 0 -18"><span class='ocrx_word' id='word_1_28' title='bbox 155 2154 178 2198; x_wconf 83' lang='lat' dir='ltr'><strong>R</strong></span> <span class='ocrx_word' id='word_1_29' title='bbox 196 2151 353 2215; x_wconf 79' lang='lat' dir='ltr'><strong>fragmento</strong></span> <span class='ocrx_word' id='word_1_30' title='bbox 373 2149 475 2201; x_wconf 74' lang='lat' dir='ltr'><strong>codis-is</strong></span> <span class='ocrx_word' id='word_1_31' title='bbox 494 2150 624 2215; x_wconf 81' lang='lat' dir='ltr'><strong>rescripti</strong></span> <span class='ocrx_word' id='word_1_32' title='bbox 643 2148 817 2200; x_wconf 84' lang='lat' dir='ltr'><strong>Ambrosiani</strong></span> <span class='ocrx_word' id='word_1_33' title='bbox 836 2149 869 2212; x_wconf 85' lang='lat' dir='ltr'><strong>(o.</strong></span> <span class='ocrx_word' id='word_1_34' title='bbox 890 2152 914 2200; x_wconf 78' lang='lat'><strong>7.</strong></span> <span class='ocrx_word' id='word_1_35' title='bbox 934 2152 957 2199; x_wconf 88' lang='lat'><strong>8.</strong></span> <span class='ocrx_word' id='word_1_36' title='bbox 978 2151 1086 2200; x_wconf 81' lang='lat'>78-80.</span> <span class='ocrx_word' id='word_1_37' title='bbox 1105 2151 1147 2200; x_wconf 80' lang='lat'><strong>85.</strong></span> <span class='ocrx_word' id='word_1_38' title='bbox 1166 2149 1213 2216; x_wconf 84' lang='lat'><strong>86)</strong></span> 
     </span>
     <span class='ocr_line' id='line_1_8' title="bbox 155 2235 541 2300; baseline 0.005 -16"><span class='ocrx_word' id='word_1_39' title='bbox 155 2250 168 2284; x_wconf 87' lang='lat' dir='ltr'><strong>o</strong></span> <span class='ocrx_word' id='word_1_40' title='bbox 187 2236 273 2286; x_wconf 81' lang='lat' dir='ltr'><strong>sodex</strong></span> <span class='ocrx_word' id='word_1_41' title='bbox 291 2235 472 2300; x_wconf 80' lang='lat' dir='ltr'><strong>Augustanus</strong></span> <span class='ocrx_word' id='word_1_42' title='bbox 493 2237 541 2286; x_wconf 88' lang='lat'><strong>118</strong></span> 
     </span>
     <span class='ocr_line' id='line_1_9' title="bbox 155 2319 908 2385; baseline 0.001 -16"><span class='ocrx_word' id='word_1_43' title='bbox 155 2323 171 2369; x_wconf 93' lang='lat' dir='ltr'><strong>d</strong></span> <span class='ocrx_word' id='word_1_44' title='bbox 189 2320 274 2370; x_wconf 86' lang='lat' dir='ltr'><strong>codex</strong></span> <span class='ocrx_word' id='word_1_45' title='bbox 293 2319 527 2381; x_wconf 61' lang='lat' dir='ltr'><strong>(issoldunensis,</strong></span> <span class='ocrx_word' id='word_1_46' title='bbox 547 2320 612 2370; x_wconf 91' lang='lat' dir='ltr'><strong>olim</strong></span> <span class='ocrx_word' id='word_1_47' title='bbox 630 2319 811 2370; x_wconf 83' lang='lat' dir='ltr'><strong>Durlaoensis</strong></span> <span class='ocrx_word' id='word_1_48' title='bbox 824 2323 862 2371; x_wconf 69' lang='grc'><strong>36</strong></span> <span class='ocrx_word' id='word_1_49' title='bbox 904 2376 908 2385; x_wconf 31' lang='lat'><strong>⁴</strong></span> 
     </span>
     <span class='ocr_line' id='line_1_10' title="bbox 154 2404 941 2469; baseline 0.003 -15"><span class='ocrx_word' id='word_1_50' title='bbox 154 2408 210 2457; x_wconf 82' lang='lat' dir='ltr'><strong>cod.</strong></span> <span class='ocrx_word' id='word_1_51' title='bbox 229 2405 334 2454; x_wconf 79' lang='lat' dir='ltr'><strong>Mediol.</strong></span> <span class='ocrx_word' id='word_1_52' title='bbox 355 2405 441 2455; x_wconf 85' lang='lat' dir='ltr'>codex</span> <span class='ocrx_word' id='word_1_53' title='bbox 458 2404 686 2469; x_wconf 84' lang='lat' dir='ltr'><strong>Mediolanensis‚</strong></span> <span class='ocrx_word' id='word_1_54' title='bbox 706 2405 771 2454; x_wconf 91' lang='lat' dir='ltr'><strong>olim</strong></span> <span class='ocrx_word' id='word_1_55' title='bbox 789 2406 941 2457; x_wconf 79' lang='lat' dir='ltr'><strong>Patavinus</strong></span> 
     </span>
     <span class='ocr_line' id='line_1_11' title="bbox 155 2476 946 2556; baseline 0.003 -18"><span class='ocrx_word' id='word_1_56' title='bbox 155 2503 171 2544; x_wconf 93' lang='grc' dir='ltr'><strong><em>ς</em></strong></span> <span class='ocrx_word' id='word_1_57' title='bbox 192 2489 325 2540; x_wconf 81' lang='lat' dir='ltr'>editiones</span> <span class='ocrx_word' id='word_1_58' title='bbox 345 2489 555 2554; x_wconf 82' lang='lat' dir='ltr'><strong>antiquissimae</strong></span> <span class='ocrx_word' id='word_1_59' title='bbox 574 2489 619 2541; x_wconf 87' lang='lat' dir='ltr'><strong>vel</strong></span> <span class='ocrx_word' id='word_1_60' title='bbox 638 2505 731 2540; x_wconf 88' lang='lat' dir='ltr'><strong>omnes</strong></span> <span class='ocrx_word' id='word_1_61' title='bbox 749 2476 794 2542; x_wconf 83' lang='lat' dir='ltr'><strong>vel</strong></span> <span class='ocrx_word' id='word_1_62' title='bbox 813 2489 946 2556; x_wconf 82' lang='lat' dir='ltr'><strong>plurimae</strong></span> 
     </span>
    </p>
   </div>
   <div class='ocr_carea' id='block_1_2' title="bbox 156 2573 1349 2728">
    <p class='ocr_par' dir='ltr' id='par_1_2' title="bbox 156 2573 1349 2728">
     <span class='ocr_line' id='line_1_12' title="bbox 156 2573 1349 2642; baseline 0.006 -20"><span class='ocrx_word' id='word_1_63' title='bbox 156 2573 286 2624; x_wconf 82' lang='lat' dir='ltr'><strong>Codicum</strong></span> <span class='ocrx_word' id='word_1_64' title='bbox 305 2575 399 2637; x_wconf 72' lang='lat' dir='ltr'><strong>AbssR</strong></span> <span class='ocrx_word' id='word_1_65' title='bbox 426 2576 564 2639; x_wconf 82' lang='lat' dir='ltr'><strong>scriptura</strong></span> <span class='ocrx_word' id='word_1_66' title='bbox 587 2576 698 2641; x_wconf 83' lang='lat' dir='ltr'><strong>integra</strong></span> <span class='ocrx_word' id='word_1_67' title='bbox 722 2575 844 2627; x_wconf 79' lang='lat' dir='ltr'><strong>exhibita</strong></span> <span class='ocrx_word' id='word_1_68' title='bbox 862 2580 911 2626; x_wconf 85' lang='lat' dir='ltr'><strong>est.</strong></span> <span class='ocrx_word' id='word_1_69' title='bbox 936 2593 969 2627; x_wconf 84' lang='lat' dir='ltr'><strong>ex</strong></span> <span class='ocrx_word' id='word_1_70' title='bbox 986 2591 1004 2625; x_wconf 77' lang='lat' dir='ltr'><strong>s</strong></span> <span class='ocrx_word' id='word_1_71' title='bbox 1021 2591 1126 2641; x_wconf 79' lang='lat' dir='ltr'><strong>pauco,</strong></span> <span class='ocrx_word' id='word_1_72' title='bbox 1154 2593 1227 2642; x_wconf 79' lang='lat' dir='ltr'><strong>quae</strong></span> <span class='ocrx_word' id='word_1_73' title='bbox 1247 2579 1349 2629; x_wconf 82' lang='lat' dir='ltr'><strong>rectius</strong></span> 
     </span>
     <span class='ocr_line' id='line_1_13' title="bbox 225 2660 1347 2728; baseline 0.005 -20"><span class='ocrx_word' id='word_1_74' title='bbox 225 2660 252 2708; x_wconf 92' lang='lat' dir='ltr'><strong>in</strong></span> <span class='ocrx_word' id='word_1_75' title='bbox 272 2675 303 2709; x_wconf 88' lang='lat' dir='ltr'><strong>eo</strong></span> <span class='ocrx_word' id='word_1_76' title='bbox 323 2676 405 2724; x_wconf 82' lang='lat' dir='ltr'><strong>quom</strong></span> <span class='ocrx_word' id='word_1_77' title='bbox 423 2660 452 2709; x_wconf 91' lang='lat' dir='ltr'><strong>in</strong></span> <span class='ocrx_word' id='word_1_78' title='bbox 470 2661 492 2708; x_wconf 85' lang='grc' dir='ltr'><strong>Δ</strong></span> <span class='ocrx_word' id='word_1_79' title='bbox 509 2660 650 2725; x_wconf 81' lang='lat' dir='ltr'><strong>leguntur,</strong></span> <span class='ocrx_word' id='word_1_80' title='bbox 679 2660 803 2710; x_wconf 80' lang='lat' dir='ltr'><strong>indicata</strong></span> <span class='ocrx_word' id='word_1_81' title='bbox 826 2665 899 2715; x_wconf 80' lang='lat' dir='ltr'><strong>sunl,</strong></span> <span class='ocrx_word' id='word_1_82' title='bbox 927 2661 1048 2712; x_wconf 83' lang='lat' dir='ltr'><strong>codicum</strong></span> <span class='ocrx_word' id='word_1_83' title='bbox 1067 2663 1102 2710; x_wconf 83' lang='lat' dir='ltr'><strong>od</strong></span> <span class='ocrx_word' id='word_1_84' title='bbox 1124 2663 1347 2728; x_wconf 77' lang='lat' dir='ltr'><strong>scripturatum,</strong></span> 
     </span>
    </p>
   </div>
   <div class='ocr_carea' id='block_1_3' title="bbox 222 2745 1348 2982">
    <p class='ocr_par' dir='ltr' id='par_1_3' title="bbox 222 2745 1348 2982">
     <span class='ocr_line' id='line_1_14' title="bbox 224 2745 1348 2813; baseline 0.004 -19"><span class='ocrx_word' id='word_1_85' title='bbox 224 2761 284 2795; x_wconf 88' lang='lat' dir='ltr'><strong>cum</strong></span> <span class='ocrx_word' id='word_1_86' title='bbox 303 2746 402 2810; x_wconf 83' lang='lat' dir='ltr'><strong>reliqui</strong></span> <span class='ocrx_word' id='word_1_87' title='bbox 420 2745 485 2796; x_wconf 91' lang='lat' dir='ltr'><strong>libri</strong></span> <span class='ocrx_word' id='word_1_88' title='bbox 503 2748 576 2796; x_wconf 86' lang='lat' dir='ltr'><strong>inter</strong></span> <span class='ocrx_word' id='word_1_89' title='bbox 594 2761 624 2795; x_wconf 87' lang='lat' dir='ltr'><strong>se</strong></span> <span class='ocrx_word' id='word_1_90' title='bbox 637 2746 818 2810; x_wconf 81' lang='lat' dir='ltr'><strong>dissentiunt,</strong></span> <span class='ocrx_word' id='word_1_91' title='bbox 836 2747 881 2798; x_wconf 83' lang='lat' dir='ltr'><strong>vel</strong></span> <span class='ocrx_word' id='word_1_92' title='bbox 901 2748 991 2813; x_wconf 90' lang='lat' dir='ltr'><strong>siquid</strong></span> <span class='ocrx_word' id='word_1_93' title='bbox 1003 2754 1151 2812; x_wconf 81' lang='lat' dir='ltr'><strong>praeterea</strong></span> <span class='ocrx_word' id='word_1_94' title='bbox 1168 2747 1348 2799; x_wconf 77' lang='lat' dir='ltr'><strong>memorabile</strong></span> 
     </span>
     <span class='ocr_line' id='line_1_15' title="bbox 224 2831 1347 2891; baseline 0.005 -14"><span class='ocrx_word' id='word_1_95' title='bbox 224 2844 284 2877; x_wconf 84' lang='lat' dir='ltr'><strong>esse</strong></span> <span class='ocrx_word' id='word_1_96' title='bbox 311 2831 468 2891; x_wconf 83' lang='lat' dir='ltr'><strong>videbatur,</strong></span> <span class='ocrx_word' id='word_1_97' title='bbox 495 2831 619 2881; x_wconf 80' lang='lat' dir='ltr'><strong>indicata</strong></span> <span class='ocrx_word' id='word_1_98' title='bbox 638 2837 687 2881; x_wconf 85' lang='lat' dir='ltr'><strong>est.</strong></span> <span class='ocrx_word' id='word_1_99' title='bbox 714 2844 781 2885; x_wconf 62' lang='grc' dir='ltr'><strong>εις</strong></span> <span class='ocrx_word' id='word_1_100' title='bbox 806 2838 833 2882; x_wconf 79' lang='lat' dir='ltr'><strong>ei</strong></span> <span class='ocrx_word' id='word_1_101' title='bbox 860 2848 894 2882; x_wconf 82' lang='lat' dir='ltr'><strong>ex</strong></span> <span class='ocrx_word' id='word_1_102' title='bbox 914 2832 1117 2884; x_wconf 75' lang='lat' dir='ltr'><strong>Mediolanensi</strong></span> <span class='ocrx_word' id='word_1_103' title='bbox 1144 2833 1242 2884; x_wconf 83' lang='lat' dir='ltr'><strong>codice</strong></span> <span class='ocrx_word' id='word_1_104' title='bbox 1270 2839 1347 2884; x_wconf 85' lang='lat' dir='ltr'><strong>etex</strong></span> 
     </span>
     <span class='ocr_line' id='line_1_16' title="bbox 222 2914 826 2982; baseline 0.01 -21"><span class='ocrx_word' id='word_1_105' title='bbox 222 2914 300 2964; x_wconf 87' lang='lat' dir='ltr'><strong>libris</strong></span> <span class='ocrx_word' id='word_1_106' title='bbox 319 2915 469 2967; x_wconf 81' lang='lat' dir='ltr'><strong>Schwarzii</strong></span> <span class='ocrx_word' id='word_1_107' title='bbox 487 2932 578 2981; x_wconf 83' lang='lat' dir='ltr'><strong>pauca</strong></span> <span class='ocrx_word' id='word_1_108' title='bbox 597 2915 736 2982; x_wconf 82' lang='lat' dir='ltr'><strong>adscripta</strong></span> <span class='ocrx_word' id='word_1_109' title='bbox 755 2923 826 2968; x_wconf 86' lang='lat' dir='ltr'><strong>sunt.</strong></span> 
     </span>
    </p>
   </div>
   <div class='ocr_carea' id='block_1_4' title="bbox 0 0 1521 5062">
    <p class='ocr_par' dir='ltr' id='par_1_4' title="bbox 0 0 1521 5062">
     <span class='ocr_line' id='line_1_17' title="bbox 0 0 1521 5062; baseline 0 0"><span class='ocrx_word' id='word_1_110' title='bbox 0 0 1521 5062; x_wconf 95' lang='lat' dir='ltr'><strong> </strong></span> 
     </span>
    </p>
   </div>
  </div>
 </body>
</html>
