3024 5062
661 258 869 311 PRAEFATIO.
1300 269 1362 316 xxl

252 415 422 501 Pomponii
443 414 535 480 Laeti
557 415 776 480 recensionem
798 417 908 479 secuta
937 418 986 480 est
1008 416 1105 481 editio
1126 417 1268 502 Philippi
1291 418 1362 484 Be-

166 517 293 582 roaldi
317 541 344 582 a.
370 517 467 600 1498,
492 522 524 581 a.
548 522 643 581 Plinii
662 521 798 582 Secundi
815 520 951 581 Iunioris
972 524 1094 597 epistole
1111 540 1170 598 per
1190 524 1362 601 Philippum

166 625 353 685 Beroaldum
379 628 524 686 correcte.
555 619 589 682 in
617 618 681 682 fine
709 623 741 681 0.
765 623 860 682 Plinii
883 621 1020 683 Secundi
1044 623 1180 685 laniaris
1206 625 1362 702 Epistolae

165 727 287 802 Maanu
308 744 384 788 cura
411 726 582 802 Impressae
605 725 763 784 Bononiae
785 740 846 798 per
874 725 1071 787 Benedictum
1098 727 1238 788 Hectoris
1260 731 1360 789 Bono·

164 830 307 889 alensem.
346 829 434 888 Anno
456 843 476 885 u
499 827 599 885 natali
612 826 725 886 Christi
740 826 775 884 M
788 870 794 882 .
808 825 1059 886 occatam
1063 827 1165 888 VIII.
1183 830 1275 890 XIV.
1290 832 1360 891 Ka·
1387 909 1389 912 Ι

163 933 220 990 leit.
239 929 424 990 Nouembris.
449 923 534 987 hano
549 921 663 986 deinde
679 922 836 1006 expressit
850 921 987 987 Ioannes
1002 923 1106 988 Maria
1122 925 1358 1012 Catenaeus,

164 1028 219 1111 qui
247 1021 387 1111 primum
415 1048 443 1090 a.
478 1024 558 1090 1506
591 1045 706 1088 novem
738 1024 949 1108 epistularum
978 1025 1077 1091 libros
1112 1049 1184 1091 cum
1214 1028 1358 1111 epistulis

163 1128 261 1193 Plinii
291 1132 323 1193 et
344 1127 493 1209 Traiani,
523 1147 603 1210 quae
626 1125 754 1210 quidem
782 1130 850 1189 tum
879 1126 981 1190 editae
1004 1130 1113 1212 erant,
1145 1132 1271 1194 etcum
1303 1153 1359 1214 pa·

163 1229 318 1316 negyrico
341 1229 450 1295 edidit.
474 1229 508 1292 in
529 1228 595 1292 fine
618 1227 799 1311 subscripta
821 1230 897 1290 sunt
918 1227 1012 1311 haec,
1037 1235 1219 1310 impressum
1241 1237 1357 1298 Medio-

162 1340 231 1397 lani
250 1339 336 1412 apud
357 1336 567 1396 Alexandrum
596 1322 801 1394 Minatianum
825 1349 906 1392 anno
928 1336 1044 1395 salutis.
1074 1336 1111 1394 M
1116 1336 1179 1396 λ).
1199 1338 1252 1398 VI.
1282 1339 1355 1401 XV.

164 1439 306 1499 Calendis
334 1438 499 1498 Februarii
516 1435 520 1512 1
540 1435 591 1494 IN
615 1434 698 1494 HOC
726 1433 950 1494 VOLVMINE
970 1435 1278 1499 CONTINENTVR.
1299 1440 1356 1514 10.

162 1542 256 1600 Plinii
287 1540 414 1600 Caecilii
444 1537 579 1598 Secundi
599 1533 806 1614 {epistolarum
839 1537 912 1596 libri
942 1554 1057 1598 nouem.
1096 1539 1237 1600 Eiusdem
1269 1540 1362 1601 Plinii

161 1643 280 1702 libellus
301 1642 496 1717 epistolarum
520 1640 563 1698 ad
585 1638 752 1699 Traianum
774 1654 841 1698 cum
869 1642 1025 1715 rescriptis
1046 1642 1180 1727 eiusdem
1197 1643 1358 1719 princmis.

162 1745 304 1804 Eiusdem
326 1744 538 1818 panaauricus
567 1740 703 1800 Traiano
730 1740 858 1800 Caesari
890 1742 988 1801 dietus
1015 1759 1083 1802 cum
1111 1746 1359 1806 enarrationibus

160 1846 286 1906 Ioannis
308 1845 432 1904 Mariae
455 1844 611 1903 Catanaei.
648 1837 703 1901 sed
725 1836 839 1901 horum
861 1839 974 1902 neuter
996 1859 1093 1902 manu
1116 1839 1245 1923 scriptis
1267 1841 1357 1906 libris

160 1964 236 2007 usus
260 1944 317 2005 est.
344 1963 537 2025 quamquam
560 1939 740 2006 Catenaeus
768 1938 802 2002 in
832 1937 969 2022 epistula
995 1940 1172 2023 praemissa
1194 1942 1234 2006 ad
1256 1941 1356 2008 Iafre-

160 2044 236 2108 dum
260 2042 409 2107 Carolum
431 2041 603 2106 Mediolani
627 2063 654 2104 a.
681 2040 762 2104 1505
792 2041 867 2103 data
889 2061 944 2105 nos
971 2051 1083 2115 autem,
1112 2041 1232 2128 inquit,
1257 2066 1356 2125 pecu-

158 2151 253 2210 liares
274 2149 424 2223 quaedam
447 2150 478 2208 in
492 2149 550 2209 leuc
565 2163 657 2223 opere
671 2145 870 2220 difficultates
885 2149 1118 2208 circumstetere.
1141 2166 1211 2210 nam
1222 2153 1355 2227 primum

158 2252 378 2311 elaborandum
397 2250 462 2323 suit
484 2257 515 2310 ut
536 2253 630 2309 multa
651 2265 718 2309 cum
746 2250 898 2324 impressis
926 2255 1045 2309 uetusta
1071 2254 1262 2328 exemplaria
1284 2272 1354 2315 con·

156 2353 326 2426 ferremus:
349 2354 457 2428 quibas
479 2353 610 2412 Plinium
636 2351 797 2410 Caecilium
827 2366 923 2425 supra
949 2356 1085 2413 caeteros
1112 2358 1277 2429 scriptores
1299 2358 1356 2417 de-

155 2463 323 2532 prauulum
351 2472 391 2514 ea
420 2455 602 2531 Hippolyto:
635 2455 663 2512 si
685 2455 757 2525 fieri
780 2458 895 2527 posset:
936 2454 1068 2514 Virdium
1086 2455 1274 2527 faceremus.
1314 2463 1356 2518 tot

158 2573 295 2618 errores:
318 2562 346 2616 et
368 2558 400 2616 in
422 2558 528 2616 latinis
550 2562 579 2615 et
608 2556 638 2614 in
664 2555 787 2628 praecis
814 2555 949 2613 curandi
965 2554 1105 2627 fuerunt.
1132 2591 1166 2600 -
1195 2559 1250 2618 sed
1277 2559 1355 2620 daec

157 2662 378 2736 qualiacunque
403 2642 477 2718 ¹sura
515 2657 615 2717 studio
653 2662 757 2716 nostro
784 2657 1010 2715 lucubrauimus
1036 2659 1163 2718 sublatis
1190 2660 1355 2722 innumeris

157 2762 312 2822 erroribus
327 2766 458 2836 praeter
480 2775 570 2820 unum
594 2763 648 2819 aut
670 2760 815 2818 alterum:
843 2773 917 2831 quos
943 2759 1007 2817 sine
1032 2760 1095 2830 lide
1123 2763 1233 2821 ueteris
1255 2778 1353 2823 ecem-

152 2865 255 2941 plaris
277 2863 352 2922 uelle
373 2861 665 2936 reponere1fuisset
686 2867 851 2920 temerare:
874 2877 933 2920 non
956 2862 1126 2921 emendare.

241 2959 386 3024 Tandem
408 2981 437 3022 a.
464 2958 545 3023 1508
568 2956 693 3021 Aldus
716 2957 807 3021 Pius
830 2957 1031 3022 Manutius
1055 2962 1194 3025 veterem
1211 2962 1352 3027 codicem

156 3067 225 3128 tum
253 3061 392 3146 primum
419 3063 580 3144 repertum
614 3062 727 3123 nactus
757 3081 873 3123 novam
901 3061 1120 3125 recensionem
1148 3064 1286 3147 paravit.
1324 3065 1352 3129 is

156 3166 242 3230 enim
272 3163 394 3247 primus
422 3165 570 3227 octavum
604 3161 719 3225 librum
755 3164 788 3236 et
815 3161 980 3246 integrum
1009 3162 1108 3227 edidit
1137 3167 1168 3228 et
1195 3165 1230 3228 in
1259 3187 1352 3230 suum

155 3269 261 3332 locum
284 3264 459 3349 revocavit,
491 3264 527 3329 in
554 3284 640 3328 nono
662 3263 744 3327 libro
766 3262 930 3326 turbatum
954 3266 1050 3328 antea
1073 3264 1281 3349 epistularum
1303 3290 1352 3332 or·

156 3369 264 3433 dinem
286 3366 428 3431 restituit
450 3370 483 3431 et
504 3365 653 3430 omissam
677 3367 772 3428 antea
789 3364 960 3448 epistulam
982 3368 1106 3429 sextam
1120 3368 1276 3433 decimam
1299 3369 1351 3434 ad-
1459 3388 1467 3408 ¹

156 3470 251 3553 didit,
277 3467 430 3553 epistulas
451 3466 549 3531 Plinii
572 3470 605 3531 et
626 3466 774 3550 Traiani,
798 3488 932 3550 quarum
954 3488 1029 3550 pars
1051 3471 1147 3533 antea
1169 3469 1254 3534 edita
1269 3476 1349 3557 erat,

155 3571 259 3655 auxit,
282 3570 419 3654 denique
441 3572 624 3654 corruptam
634 3568 789 3652 'priorum
804 3568 1031 3653 exemplarium
1047 3570 1238 3655 scripturam
1253 3572 1351 3656 pluri-

154 3673 215 3739 mis
237 3670 315 3737 loois
339 3671 485 3736 correxit.
520 3671 559 3734 de
588 3670 638 3735 his
666 3670 814 3735 omnibus
843 3673 876 3734 et
903 3671 939 3734 in
965 3670 1060 3736 titulo
1083 3673 1232 3738 editionis
1261 3675 1350 3739 etin

153 3774 354 3860 praefatione
377 3773 474 3858 dixit,
499 3795 580 3857 quae
602 3773 655 3838 hic
677 3773 853 3856 repetenda
876 3773 1065 3838 curavimus.
1089 3774 1353 3841 f.tc.m1arl

108 3862 118 3871 '
153 3881 339 3943 sacuam
366 3878 677 3940 uourcoaaasrs
699 3881 894 3954 epistolarum
928 3880 1001 3940 libri
1027 3882 1149 3955 aecem,
1182 3883 1214 3941 u
1240 3883 1348 3956 quaeue

153 3989 263 4046 multae
290 3985 441 4043 labentur
466 3984 611 4057 epistolae
638 4000 698 4043 non
726 3988 797 4042 ante
823 3983 996 4057 inepressae.
1037 3982 1112 4044 Tum
1142 3984 1260 4043 Graeca
1281 4001 1348 4045 cor-

154 4094 253 4161 recta,
279 4091 308 4145 et
328 4086 390 4145 suis
410 4086 484 4144 locis
505 4087 657 4158 restituta,
688 4090 776 4158 alque
798 4085 917 4144 reiectis
939 4085 1135 4159 adulterinis,
1166 4101 1242 4145 uara
1263 4103 1347 4162 repo-

153 4192 221 4250 sita.
253 4189 328 4248 Item
345 4185 578 4261 srapmentatne
599 4188 758 4262 epistolae,
783 4188 920 4262 inteprne
938 4184 1057 4257 sactae.
1086 4187 1125 4246 In
1140 4187 1237 4247 medio
1258 4189 1347 4248 etiam

152 4292 297 4367 epistolae
317 4289 390 4349 libri
410 4291 514 4349 octaui
534 4289 571 4347 de
594 4288 742 4349 Clitumna
761 4287 851 4360 fonte
872 4304 932 4350 non
953 4291 1047 4349 solum
1063 4291 1175 4351 uertici
1193 4291 1267 4350 calx
1288 4290 1348 4349 ad-

154 4395 246 4466 ditus,
272 4398 302 4451 et
323 4393 404 4451 calci
425 4396 548 4463 uertex,
573 4391 748 4452 redderem
771 4407 889 4466 quoque
910 4394 1054 4468 epistolae
1076 4393 1284 4466 interpositae,
1310 4409 1347 4453 nc

154 4512 193 4556 ea
216 4493 301 4556 Nono
323 4493 402 4552 libro
427 4491 556 4553 Ocluuus
575 4491 694 4571 factrus,
717 4502 746 4553 et
767 4510 806 4553 eu
822 4500 929 4553 octauo
946 4493 1064 4567 Nonus,
1088 4493 1186 4567 quue
1206 4495 1347 4568 beneficio
