3024 5062
635 292 844 342 PRAEFATIO.
1289 300 1339 346 Vll
1352 306 1354 311 '

142 455 274 515 LIBER
290 501 296 514 .
313 453 427 515 UIIII.
442 451 570 514 constat
584 448 843 512 membranarum
856 447 1018 513 fasciculis
1034 449 1143 514 decem
1159 455 1191 515 et
1206 454 1338 535 septem,

142 575 160 616 e
188 552 302 637 quibus
336 551 474 616 sedecim
510 552 585 615 sunt
613 550 855 633 quaterniones,
891 548 1021 614 ultimus
1061 554 1109 615 est
1147 553 1267 636 quinio.
1304 553 1340 617 in

141 654 247 738 prima
268 656 360 739 parte
381 655 521 738 paginae
544 652 665 716 habent
686 673 796 715 versus
817 651 946 715 vicenos
969 655 1002 715 et
1016 655 1202 737 quaternos,
1225 657 1337 737 postea

142 755 272 820 vicenos
294 758 327 819 et
354 754 484 839 quinOS,
514 756 549 818 in
576 753 699 818 ultimis
722 753 917 816 membranis
945 754 1083 832 vicenos,
1102 757 1135 818 et
1156 775 1249 818 senos
1272 776 1338 819 eos-

142 879 203 941 que
225 856 451 920 minutioribus
474 856 590 920 litteris
613 859 771 919 exaratos.
808 855 848 918 ab
871 853 982 919 eodem
1005 854 1136 919 librario
1159 859 1265 921 autem
1288 878 1337 921 co-

142 958 245 1023 dicem
273 958 428 1041 scriptum
456 979 540 1042 esse,
569 957 624 1041 qui
646 957 751 1020 Taciti
779 955 878 1020 libros
905 956 1050 1039 quinque
1073 957 1123 1020 vel
1152 959 1259 1042 potius
1282 980 1337 1022 sex

141 1060 182 1125 ab
210 1081 341 1124 excessu
374 1059 438 1123 divi
467 1060 608 1143 Augusti
641 1060 676 1123 in
709 1058 818 1123 codice
846 1056 989 1122 Mediceo
1022 1058 1124 1140 plutei
1156 1057 1334 1124 LXVlHl

141 1161 271 1244 scripsit
293 1163 325 1225 et
348 1160 424 1224 olim
452 1159 631 1224 Bandinius
661 1160 755 1224 catal.
780 1160 848 1224 cod.
877 1160 933 1225 lat.
956 1158 1103 1224 biblioth.
1126 1160 1277 1225 Laurent.
1304 1186 1334 1227 v.

140 1262 173 1327 ΙΙ
193 1284 225 1346 p.
252 1263 316 1326 419
339 1262 429 1350 vidit,
452 1265 484 1326 et
506 1261 691 1344 mihitum,
722 1284 793 1326 cum
815 1265 984 1344 utrumque
1004 1261 1122 1326 librum
1144 1262 1335 1347 tractabam,

141 1365 300 1449 apparuit.
337 1364 535 1448 quinetiam
558 1386 622 1427 uno
651 1364 812 1427 volumine
841 1363 918 1426 olim
947 1364 1024 1427 duos
1048 1363 1172 1429 codices
1195 1385 1336 1448 compre-

140 1467 257 1530 hensos
284 1465 335 1543 vel
364 1468 448 1530 certe
475 1467 531 1528 uni
555 1464 711 1541 volumini
733 1464 910 1529 destinatos
931 1464 1031 1529 fuisse
1053 1466 1180 1549 numeri
1208 1470 1333 1550 quater-

140 1570 283 1650 nionum,
307 1569 362 1652 qui
383 1567 418 1631 in
440 1568 513 1631 imis
534 1567 735 1651 marginibus
750 1565 934 1630 ultimarum
956 1567 1052 1630 unius
1068 1567 1220 1652 cuiusque
1240 1568 1336 1634 fasci-

141 1669 203 1735 culi
225 1670 418 1754 paginarum
445 1669 482 1733 in
507 1671 642 1752 utroque
672 1668 780 1733 codice
803 1668 916 1752 scripti
945 1671 1036 1752 sunt,
1065 1668 1220 1735 indicant.
1258 1693 1335 1735 nam

140 1794 212 1837 cum
239 1773 273 1836 in
301 1770 399 1835 Plinii
428 1769 536 1834 codice
565 1769 711 1834 continui
733 1769 801 1834 sint
827 1770 1074 1853 quaternionum
1108 1771 1233 1835 numeri
1259 1772 1335 1837 inde

140 1875 180 1939 ab
202 1873 219 1937 I
240 1894 340 1957 usque
363 1872 403 1936 ad
417 1870 513 1937 XVII
521 1922 530 1955 ,
554 1873 611 1934 hos
632 1874 667 1935 in
682 1871 786 1935 Taciti
803 1871 911 1936 codice
927 1872 1091 1955 excipiunt
1105 1874 1231 1937 numeri
1246 1895 1334 1957 pror-

138 1998 191 2040 sus
214 1975 323 2039 eodem
350 1974 421 2038 loco
443 1973 576 2057 antiqua
603 1995 702 2036 manu
721 1973 820 2057 positi
843 1972 954 2038 XVIII
975 1995 1075 2058 usque
1098 1974 1138 2039 ad
1160 1973 1330 2040 XXXIIII.

138 2077 193 2140 sed
208 2076 231 2139 ii
253 2075 430 2141 recentiore
451 2096 550 2139 manu
571 2072 645 2137 inde
668 2073 708 2137 ab
722 2073 958 2139 undevicesimo
979 2076 1190 2159 quaternione
1205 2077 1252 2140 ita
1268 2099 1334 2141 mu-

138 2179 198 2242 tati
221 2180 312 2259 sunt,
341 2179 377 2247 ut
398 2197 456 2259 pro
485 2178 592 2240 vetere
619 2174 731 2240 ordine
753 2177 781 2239 is
810 2176 864 2260 qui
892 2180 1005 2259 postea
1035 2177 1099 2242 fuit
1120 2176 1169 2261 II,
1193 2177 1242 2242 Ill
1264 2201 1333 2264 sqq.

137 2279 348 2345 indicaretur:
384 2300 446 2362 qua
479 2278 517 2342 de
551 2300 585 2341 re
613 2280 741 2342 auctore
771 2277 930 2343 Gulielmo
959 2277 1158 2344 Studemund
1185 2285 1334 2345 accurate

137 2381 219 2447 dixit
228 2379 409 2444 ludovicus
419 2379 548 2444 Urlichs
563 2380 599 2444 in
614 2379 785 2444 annalibus
801 2379 1003 2465 philologieis
1015 2381 1081 2446 Eos
1093 2382 1163 2447 v.H
1178 2385 1220 2467 (1.
1237 2383 1332 2467 1865)

135 2507 167 2568 p.
182 2484 255 2547 224.
278 2483 386 2565 itaque
408 2504 478 2547 cum
503 2503 521 2544 a
536 2480 678 2564 librario,
702 2482 757 2566 qui
771 2483 908 2564 primum
924 2482 1023 2547 Plinii
1038 2483 1202 2568 epistulas,
1219 2484 1332 2548 deinde

136 2584 241 2648 Taciti
255 2583 355 2647 libros
370 2585 507 2667 scripsit,
533 2582 678 2647 continui
693 2583 939 2667 quaternionum
960 2585 1085 2648 numeri
1100 2585 1196 2668 positi
1213 2591 1331 2669 essent,

134 2689 247 2770 postea
263 2685 392 2753 ‚duobus
415 2684 629 2750 voluminibus
651 2685 748 2749 factis
777 2685 811 2748 in
834 2685 1009 2768 posteriore
1031 2688 1139 2770 parte,
1169 2709 1250 2770 quae
1272 2687 1332 2751 Ta-

136 2789 191 2853 citi
213 2788 311 2852 libros
334 2787 537 2870 continebat,
553 2786 694 2850 numeri
715 2786 762 2850 ita
784 2788 821 2850 ut
842 2786 909 2850 dixi
930 2787 1046 2852 mutati
1075 2809 1143 2852 esse
1171 2789 1330 2854 videntur.

134 2912 200 2954 non
234 2888 410 2974 egebimus.
431 2889 553 2973 igitur,
590 2890 719 2973 opinor,
761 2889 1062 2954 ratiocinationibus
1097 2889 1177 2968 illis,
1217 2891 1332 2974 quibus

135 2991 312 3057 Urlichsius
339 2990 361 3056 l.
386 3012 412 3054 c.
446 3013 483 3055 aa
511 3013 592 3076 quae
620 2992 655 3054 in
678 2991 783 3055 Taciti
811 2991 919 3056 codice
946 2992 1118 3076 periissent
1147 2994 1331 3075 computare

134 3092 267 3158 studuit.
311 3093 374 3156 iam
402 3114 476 3158 vero
504 3093 656 3178 quoniam
684 3093 789 3157 Taciti
818 3093 959 3157 codicem
990 3114 1075 3156 anno
1101 3093 1182 3157 1508
1211 3114 1227 3156 e
1256 3092 1331 3159 (lor-

133 3195 254 3260 beiensi
278 3196 472 3260 monasterio
500 3196 535 3258 in
557 3194 686 3258 Italiam
708 3197 888 3259 travectum
906 3215 990 3279 esse
1014 3197 1156 3274 constat,
1189 3197 1332 3279 sequitur

133 3297 269 3361 eandem
291 3297 448 3381 originem
471 3319 538 3361 esse
556 3296 673 3374 codicis
688 3295 842 3361 Pliniani.
881 3299 977 3380 atque
1000 3297 1027 3360 si
1043 3296 1200 3361 credimus
1215 3296 1330 3363 Ioanni

133 3399 256 3463 Mariae
279 3397 461 3482 Catenaeo,
491 3399 545 3482 qui
566 3399 688 3482 primus
710 3398 795 3462 inter
816 3397 915 3461 Italos
943 3397 1107 3475 hoc-libro
1129 3419 1205 3464 usus
1227 3402 1276 3463 est
1299 3404 1332 3464 et

132 3500 276 3585 pluribus
298 3499 376 3564 locis
399 3499 465 3564 eius
488 3499 664 3583 scripturas
685 3499 823 3583 protulit
843 3499 878 3562 in
900 3498 1040 3564 secunda
1055 3499 1155 3564 Plinii
1178 3501 1329 3582 editione,

133 3625 214 3686 quac
236 3601 410 3666 Mediolani
433 3623 462 3665 a.
482 3601 563 3666 1518
584 3602 673 3665 facta
695 3597 744 3666 est
760 3601 850 3688 (nam
871 3602 907 3665 in
921 3601 1025 3685 priore
1039 3601 1179 3666 editione
1202 3624 1229 3667 1.
1250 3603 1330 3668 1506

84 3762 90 3775 ,
133 3726 206 3768 eum
228 3725 295 3768 non
317 3702 455 3786 habuit),
472 3706 540 3767 tum
557 3703 665 3787 etiam,
690 3724 761 3767 cum
776 3702 882 3767 Taciti
898 3703 995 3768 codex
1009 3703 1160 3769 inventus
1184 3707 1242 3788 est,
1258 3727 1330 3770 cum

132 3805 187 3871 illo
211 3805 401 3870 coniunctus
422 3804 496 3869 fuit.
533 3826 610 3869 nam
637 3825 732 3890 quem
755 3803 935 3870 Octanaeus
963 3805 1165 3889 pontificium
1188 3806 1329 3872 codicem

132 3907 225 3990 dicit,
247 3906 276 3971 is
298 3929 317 3971 a
338 3905 497 3988 Mediceo,
520 3907 576 3990 qui
598 3908 667 3979 tum
689 3905 806 3970 Leonis
829 3905 860 3970 X
881 3906 1044 3990 pontificis
1067 3910 1152 3990 erat,
1185 3908 1327 3973 diversus

131 4031 197 4074 non
220 4010 279 4075 est.
318 4029 390 4072 eum
411 4008 498 4092 igit'
540 4011 624 4072 ‘cum
645 3999 736 4072 libris
765 4009 904 4092 quinque
927 4006 1067 4074 Cornelii
1089 4008 1195 4074 Taciti
1222 4032 1325 4094 nuper

130 4111 271 4176 inventis
295 4109 502 4175 coniunctum
523 4109 634 4174 fuisse’
656 4110 769 4175 scribit
795 4111 830 4174 in
852 4098 990 4194 epistula
1011 4110 1216 4201 illieditioni
1237 4133 1328 4195 prae-

131 4213 244 4296 missa,
282 4212 371 4277 cuius
398 4215 524 4294 partem
551 4232 632 4294 quae
660 4210 722 4276 huc
747 4202 890 4295 pertinet
917 4212 1003 4277 infra
1032 4210 1196 4290 exhibebo,
1227 4215 1260 4277 et
1288 4215 1327 4279 de

132 4314 241 4378 eodem
264 4313 298 4377 in
323 4313 551 4378 commentario
566 4313 660 4397 epist.
672 4313 693 4377 ¹I
707 4313 738 4397 2,
755 4315 775 4378 2
791 4321 911 4397 ‘quare'
927 4314 1034 4398 inquit
1050 4313 1215 4380 ‘sincerior
1230 4315 1326 4380 lectio

132 4414 256 4479 elicitur
278 4415 318 4479 ab
341 4436 379 4478 eo
401 4414 590 4499 exemplari,
613 4415 647 4478 in
669 4435 732 4499 quo
754 4418 830 4480 sunt
852 4413 899 4478 illi
920 4416 986 4478 tres
1008 4415 1084 4480 libri
1100 4414 1197 4481 Corn.
1221 4417 1326 4483 Taciti

132 4538 234 4603 nuper
254 4516 427 4604 publicati,
451 4538 521 4582 uum
544 4524 601 4582 vim
624 4528 773 4582 {sormam
795 4522 952 4582 verborum
975 4524 1087 4598 pauci,
1121 4540 1193 4599 quos
1215 4541 1327 4600 aequus
