3024 5062
147 244 210 309 348
670 256 700 305 c.
724 255 820 303 parur

147 413 239 477 liberi
261 411 453 477 necessitate
476 410 644 475 vicesimae
668 409 882 494 solverentur,
913 431 1094 495 congruens
1117 413 1187 475 erat
1208 411 1344 477 eandem

147 515 383 578 immunitatem
411 516 561 597 parentes
589 511 624 576 in
646 512 818 576 liberorum
852 513 944 576 bonis
973 511 1129 578 obtinere.
1173 534 1229 578 cur
1257 512 1344 578 enim

147 615 283 702 posteris
312 614 447 700 amplior
474 613 577 678 honor
606 634 700 697 quam
727 613 899 678 maioribus
927 613 1122 679 haberetur?
1153 634 1249 680 curve
1277 636 1344 680 non

147 722 233 783 retro
266 739 391 802 quoque
419 719 598 781 recurreret
632 715 774 800 aequitas
803 716 938 780 eadem?
971 719 1007 781 tu
1040 715 1184 801 quidem,
1214 715 1344 802 Caesar,

147 820 234 886 illam
257 819 476 904 exceptionem
499 818 677 902 removisti,
712 818 751 882 ‘si
778 818 871 881 modo
893 817 978 882 filius
1001 818 1036 882 in
1057 821 1218 902 potestate
1240 817 1369 903 patrias

147 923 284 1007 fuisset',
314 923 364 987 int
388 922 464 1006 tus,
493 921 622 1007 opinor,
651 921 716 986 vim
738 921 905 1006 legemque
927 923 1079 1003 naturae,
1108 941 1190 1004 quae
1218 941 1344 1005 semper

148 1026 183 1089 in
206 1025 331 1089 dicione
352 1026 520 1108 parentum
545 1044 613 1087 esse
634 1022 751 1087 liberos
767 1021 861 1086 iussit
882 1043 944 1088 nec
965 1022 1013 1086 uti
1035 1022 1122 1087 inter
1142 1021 1281 1107 pecudes
1297 1023 1344 1089 sic

97 1125 140 1192 39
149 1127 233 1191 inter
255 1125 400 1190 homines
422 1126 615 1209 potestatem
638 1126 670 1188 et
697 1123 866 1208 imperium
894 1123 1123 1189 valentioribus
1146 1123 1244 1189 dedit.
1282 1146 1344 1190 nec

76 1309 78 1313 ι
149 1239 222 1294 vero
245 1229 415 1292 contentus
437 1227 575 1310 primum
599 1225 801 1310 cognationis
823 1225 958 1310 gradum
981 1225 1150 1291 abstulisse
1172 1225 1344 1292 vicesimae

149 1329 322 1395 secundum.
345 1349 469 1413 quoque
492 1326 609 1392 exemit
632 1327 778 1413 cavitque
799 1330 836 1391 ut
856 1327 891 1391 in
913 1327 1029 1393 sororis
1062 1327 1154 1392 bonis
1180 1327 1283 1393 frater
1311 1330 1345 1394 et
1358 1351 1381 1391 u

150 1436 261 1498 contra
284 1433 319 1495 in
340 1431 452 1496 fratris
475 1451 582 1514 soror,
605 1433 703 1515 utque
726 1451 804 1495 avus
828 1433 860 1496 et
875 1429 946 1495 avia
968 1430 1004 1495 in
1024 1430 1132 1515 neptis
1152 1429 1344 1514 nepotisque

149 1538 182 1599 et
202 1534 340 1599 invicem
362 1533 409 1597 illi
432 1535 636 1597 servarentur
657 1532 827 1597 immunes.
856 1532 896 1596 iis
919 1553 1043 1617 quoque
1065 1530 1180 1616 quibus
1202 1553 1261 1616 per
1282 1531 1343 1598 La-

148 1637 230 1701 tium
253 1636 365 1701 civitas
387 1633 534 1699 Romana
555 1634 713 1719 patuisset
739 1633 824 1698 idem
851 1633 987 1698 indulsit
1018 1633 1229 1719 omnibusque
1258 1633 1344 1699 inter

88 1743 91 1747 ’
149 1761 182 1803 se
207 1737 435 1823 cognationum
457 1736 528 1800 iura
550 1736 710 1801 concessit
730 1735 825 1802 simul
847 1739 880 1801 et
901 1736 1023 1821 pariter
1045 1738 1078 1800 et
1092 1757 1179 1801 more
1193 1723 1341 1822 naturae,

149 1861 230 1925 quae
251 1840 373 1924 priores
395 1837 557 1922 principes
580 1838 750 1924 asingulis
764 1839 874 1923 rogari
888 1839 1072 1924 gestiebant
1085 1860 1153 1903 non
1173 1841 1242 1903 tam
1252 1861 1343 1924 prae·
1358 1863 1379 1905 ιι

149 1941 256 2006 standi
285 1942 392 2005 animo
419 1962 514 2024 quam
541 1941 694 2027 negandi.
733 1963 771 2005 ex
794 1962 855 2025 quo
876 1941 1023 2027 intellegi
1050 1943 1172 2026 potest,
1202 1944 1343 2026 quantae

149 2042 376 2127 benignitatis,
400 2042 513 2125 quanti
536 2041 666 2126 spiritus
688 2041 787 2107 fuerit
808 2064 935 2128 sparsas
958 2046 1071 2129 atqm,
1100 2045 1136 2108 ut
1157 2043 1204 2108 ita
1226 2042 1341 2128 dicam,

149 2144 271 2209 laceras
299 2143 498 2230 gentilitates
533 2143 683 2229 colligere
718 2147 814 2227 atque
842 2147 1009 2210 conectere
1039 2147 1071 2209 et
1097 2145 1188 2229 quasi
1216 2146 1343 2210 renasci

148 2247 274 2331 iubere,
299 2246 421 2310 deferre
436 2245 520 2329 quod
534 2246 715 2330 negabatur
744 2249 839 2331 atque
862 2245 895 2310 id
920 2249 1084 2332 praestare
1100 2247 1236 2330 cunctis,
1259 2246 1342 2331 quod

150 2369 243 2433 saepe
265 2347 386 2433 singuli
408 2369 474 2412 non
496 2348 737 2432 impetrassent,
760 2350 921 2433 postremo
943 2349 1048 2434 ipsum
1070 2349 1132 2414 sibi
1154 2349 1278 2434 eripere
1293 2353 1377 2415 totae

149 2449 376 2515 beneficiorum
398 2448 596 2532 occasiones,
619 2452 687 2513 tam
702 2471 904 2515 numerosam
919 2450 1085 2535 obligandi
1099 2451 1342 2537 imputandique

149 2552 326 2616 materiam.
364 2551 550 2635 indignum,
575 2551 684 2634 credo,
708 2551 738 2615 ei
764 2552 866 2617 visiun
889 2552 930 2617 ab
954 2551 1083 2617 homine
1110 2552 1178 2637 peti
1201 2554 1286 2637 quod
1310 2555 1340 2618 di

150 2653 321 2724 dedissent.
360 2674 482 2717 sorores
505 2654 581 2717 estis
604 2656 637 2718 et
650 2653 766 2737 frater,
790 2675 868 2718 avus
891 2657 923 2718 et
936 2656 1086 2739 nepotes:
1108 2654 1185 2740 quid
1201 2658 1251 2720 est
1265 2678 1342 2741 ergo

150 2779 205 2821 cur
226 2755 347 2840 rogetis
369 2757 406 2819 ut
427 2755 520 2820 sitis?
542 2756 631 2821 vobis
654 2755 741 2821 estis,
772 2756 890 2841 quippe
911 2777 970 2841 pro
993 2759 1099 2821 cetera
1120 2779 1178 2821 sua
1199 2757 1342 2822 modera-

148 2858 237 2922 tione
258 2879 325 2931 non
352 2858 458 2921 minus
485 2857 677 2923 invidiosum
703 2860 799 2943 putat
824 2858 899 2923 dare
926 2858 1136 2924 hereditatem
1164 2881 1260 2943 quam
1289 2882 1377 2930 aua

149 2959 243 3024 serre.
282 2959 359 3022 laeti
387 2980 463 3045 ergo
492 2960 577 3025 adite
605 2960 756 3045 honores,
784 2960 942 3045 capessite
971 2960 1151 3026 civitatem:
1179 2961 1342 3027 neminem

150 3060 211 3125 hoc
226 3060 471 3126 necessitudinis
486 3062 658 3147 abruptum
680 3061 768 3127 velut
789 3065 940 3128 truncum
962 3065 1227 3148 amputatumque
1249 3064 1341 3129 desti-

151 3165 236 3227 tuet:
258 3163 359 3227 isdem
381 3185 491 3231 omnes
514 3165 627 3250 quibus
650 3167 725 3230 ante
747 3164 955 3251 pignoribus,
979 3165 1034 3230 sed
1049 3165 1251 3232 honestiores
1273 3188 1340 3252 per·

149 3405 351 3413 -—-.--.

219 3579 232 3625 1
252 3573 364 3626 eandem
381 3576 464 3625 Bacd
482 3575 590 3627 tandem
608 3578 630 3625 Δ
709 3579 725 3627 2
743 3592 790 3628 cur
808 3578 880 3628 enim
900 3578 1018 3641 posteris
1036 3589 1053 3632 ς
1070 3592 1117 3629 cur
1136 3579 1163 3629 ei
1180 3578 1210 3628 in
1222 3581 1339 3645 posteris

150 3643 239 3694 aneu
257 3659 306 3694 eur
325 3644 350 3693 ei
368 3640 508 3708 (superscr.
526 3643 551 3710 i)
569 3646 722 3710 posterisa
807 3645 1039 3707 3haberenturss
1127 3661 1175 3696 cur
1193 3663 1228 3698 ne
1247 3646 1338 3699 nonh

216 3715 233 3762 4
250 3716 324 3763 retro
342 3717 497 3763 recurreret
515 3727 623 3778 quoque
641 3727 655 3763 e
725 3713 850 3778 aequitas
874 3713 970 3763 eadem
989 3726 1006 3769 ς
1024 3715 1153 3780 aequitas
1170 3730 1226 3766 non
1245 3717 1338 3767 eadem

149 3782 234 3831 Aaou
252 3780 379 3845 aequitas
395 3796 450 3831 non
469 3782 585 3831 eandem
604 3781 619 3844 β
704 3783 720 3832 5
738 3781 816 3831 illam
834 3797 880 3831 om.
898 3782 929 3845 A,
948 3785 1010 3834 add.
1028 3799 1045 3833 a
1124 3785 1140 3834 7
1158 3783 1262 3835 liberos
1281 3800 1338 3835 esse

148 3852 165 3899 b
246 3852 276 3899 10
296 3853 324 3898 et
343 3838 522 3899 contrahbd
541 3852 716 3899 etecoutra
735 3850 816 3912 sscut
836 3854 967 3900 contraa
1054 3854 1084 3901 11
1103 3865 1170 3902 auus
1189 3853 1338 3903 etauiah

150 3933 219 3967 auus
237 3918 303 3966 auia
321 3918 381 3966 Bed
450 3920 480 3966 12
499 3918 535 3967 iis
554 3917 762 3981 quoquehhis
780 3917 966 3982 quoqueBed
1042 3922 1084 3971 ¹13
1102 3919 1239 3970 indusitb
1309 3922 1337 3970 14

150 3983 299 4049 concessit]
327 3985 465 4035 commisit
485 3986 574 4034 ssed
601 3986 736 4035 communi
763 3987 800 4036 sit
825 3988 881 4036 cod.
906 3986 1012 4037 Medios.
1037 3999 1054 4042 ς
1079 3988 1206 4052 permisit
1232 3990 1337 4040 conterat

149 4052 309 4103 Schworzr'os
394 4051 474 4103 simul
491 4054 533 4102 nu
552 4052 638 4103 semel
655 4055 697 4102 he
783 4058 810 4103 et
831 4055 937 4119 pariter
955 4059 983 4104 et
1000 4057 1083 4108 om.d
1169 4058 1201 4108 19
1218 4053 1338 4173 deferre]

149 4120 279 4172 desereb
347 4123 502 4187 negabatur
518 4122 600 4170 Bacd
617 4121 811 4187 negebaturh
896 4125 928 4172 21
951 4125 1130 4174 numerosab
1217 4127 1250 4175 22
1269 4140 1319 4190 quc

151 4189 189 4239 dii
207 4189 347 4240 dedissent
364 4191 408 4244 Δς
426 4190 499 4254 quod
517 4190 659 4240 dedissent
677 4191 716 4239 Bc
735 4190 806 4255 quod
824 4193 923 4240 notura
940 4189 1060 4242 dedisset
1076 4193 1092 4239 d
1213 4195 1247 4243 23
1264 4208 1337 4242 soror

149 4259 279 4308 Livineius
347 4257 449 4308 fratres
467 4257 553 4307 auih
622 4257 688 4323 quid
706 4262 750 4308 est
768 4260 851 4322 ergo?
875 4274 923 4308 cur
942 4261 1032 4325 egetis
1049 4264 1080 4309 ut
1096 4258 1179 4313 sitis?
1200 4258 1337 4326 (princeps

150 4328 210 4378 odd.
230 4323 365 4391 Gieripias)
384 4327 463 4376 uobis
482 4330 524 4376 est
541 4328 565 4376 is
584 4329 631 4390 qui
648 4341 696 4392 pro
716 4331 810 4376 cetera
828 4326 944 4392 Scaliger
967 4335 992 4378 et
1011 4328 1138 4395 Gieripr‘us
1241 4331 1275 4381 24
1292 4343 1337 4379 cur

150 4393 253 4457 rogetis
272 4398 303 4443 ut
321 4394 382 4444 sitia
400 4397 417 4444 (1
442 4395 573 4445 Livineius
598 4409 645 4444 cur
670 4395 769 4459 regitis
791 4398 821 4444 ut
844 4394 938 4446 sitisb
966 4410 1014 4446 eur
1038 4396 1128 4461 egetis
1146 4400 1179 4446 ut
1196 4397 1260 4449 sitis
1276 4398 1337 4451 Δις

151 4476 199 4511 cur
216 4461 347 4526 regitisss
450 4460 564 4528 quippe]
585 4463 631 4528 qui
648 4463 716 4511 aas
734 4462 799 4526 quid
817 4465 833 4511 d
851 4465 917 4529 quin
935 4465 1041 4528 Lipsius
1125 4464 1158 4514 25
1177 4479 1233 4514 ιιοιι
1252 4466 1336 4516 minua

150 4529 271 4581 odiosum
289 4531 306 4579 d
373 4532 405 4580 26
424 4530 499 4582 adite
517 4532 577 4581 Bed
596 4531 690 4596 audite
708 4533 730 4581 Δ
748 4532 828 4584 adete
847 4545 863 4580 a
932 4527 1087 4599 civitatem]
1108 4531 1194 4585 eluite
1212 4533 1228 4598 β
