3024 5062
151 267 214 332 246
310 239 313 242 ⁴
674 281 704 330 c.
728 282 825 329 eamr

80 470 82 476 ·
152 440 243 504 sente
265 436 376 503 Certo:
404 435 468 502 fuit
495 437 581 501 enim
609 458 665 501 seu
692 435 757 501 tale
780 436 899 523 aliquid
921 438 1101 522 suspicatus
1123 438 1205 524 sive,
1232 440 1270 503 ut
1296 461 1348 504 ex·

153 542 338 624 cusabatur,
361 528 531 605 infirmus.=
559 542 592 604 et
613 538 802 605 relationem
824 539 953 624 quidem
975 541 1013 605 de
1036 562 1074 605 eo
1095 539 1214 607 Caesar
1235 540 1277 606 ad
1298 563 1348 606 se-

101 645 142 710 23
152 645 264 708 natum
278 664 345 708 non
360 642 497 726 remisit3
520 641 646 709 obtinui
660 643 770 706 tamen
785 641 869 726 quod
883 641 1095 707 intenderam.
1131 664 1208 708 nam
1223 643 1348 729 collega

96 783 97 786 π
153 745 241 812 Certi
262 744 479 829 consulatum,
502 764 717 812 successorem
739 741 853 809 Certus
876 743 1014 828 aceepit,
1044 743 1203 829 planeque
1223 744 1349 810 factum

153 851 202 913 est
223 847 308 933 quod
322 847 465 912 dixeram
485 846 521 909 in
535 847 616 930 fine,
639 844 764 911 ‘reddat
778 847 956 930 praemium
978 846 1038 913 sub
1053 847 1173 932 optimo
1187 842 1346 933 principe,
1361 866 1374 907 s

153 951 236 1036 quod
258 972 277 1014 a
298 950 437 1033 pessimo
459 949 608 1033 aceepit!
641 951 755 1032 postea
776 949 936 1015 actionem
957 971 1077 1034 meam,
1099 952 1271 1036 utcumque
1293 972 1348 1034 po-

96 1054 145 1118 ’24
153 1052 217 1136 tui,
245 1050 413 1136 recollegi,
444 1051 552 1115 addidi
578 1050 690 1115 multa.
732 1050 856 1125 accidit
875 1051 1060 1135 fortuitum,
1084 1051 1148 1135 {sed
1174 1073 1239 1115 non
1269 1054 1350 1117 tanr-

129 1176 249 1238 ,quam
269 1152 453 1235 fortuitum,
477 1152 561 1237 quod
584 1151 678 1218 editis
698 1151 788 1218 libris
809 1151 923 1220 Certus
943 1153 1031 1218 intra
1052 1153 1261 1238 paucissimos
1283 1153 1350 1218 dies

102 1258 144 1322 25
153 1255 318 1339 inplicitus
333 1254 443 1318 morbo
458 1253 605 1320 decessit.
639 1254 746 1320 audivi
760 1253 935 1320 referentes
950 1253 1036 1320 hanc
1057 1255 1234 1340 imaginem
1248 1257 1348 1321 ment'

154 1358 237 1442 eius,
260 1357 346 1424 hano
366 1356 467 1421 oculis
482 1358 662 1441 oberrasse,
685 1359 850 1442 tamquam
871 1357 994 1422 videret
1013 1379 1064 1422 me
1086 1356 1149 1423 sibi
1171 1379 1243 1421 cnm
1264 1358 1387 1424 ferron

154 1459 332 1527 imminere.
370 1481 488 1525 verane
510 1459 591 1524 haec
606 1459 775 1524 adfirmare
789 1481 856 1525 non
877 1459 995 1544 ausim3
1016 1459 1153 1525 interest
1173 1462 1284 1525 tamen
1300 1481 1351 1524 ex-

104 1564 146 1630 26
155 1562 252 1647 empli
279 1564 317 1628 ut
337 1584 413 1628 vera
440 1562 619 1628 videantur.
653 1562 752 1627 habes
778 1561 965 1647 epistulam,
994 1562 1173 1641 simodum
1194 1562 1351 1647 epistulae

157 1665 294 1751 cogites,
317 1663 409 1729 libris
424 1686 503 1750 quos
525 1664 634 1750 legisti
656 1686 724 1730 non
741 1665 914 1750 minorem3
937 1665 993 1730 sed
1014 1663 1179 1750 inputabis
1200 1664 1272 1748 tibi,
1296 1664 1352 1748 qui

157 1769 327 1832 contentus
348 1765 440 1832 libris
461 1788 529 1832 non
550 1766 652 1833 fuisti.
689 1767 786 1845 vala,

702 1933 811 2004 XIHl.
1363 1964 1384 2004 rs

513 2057 545 2114 0.
557 2058 704 2111 PLINIUS
722 2057 859 2110 TAOITO
878 2056 949 2112 SUO
968 2058 997 2112 S·

129 2177 146 2242 1
242 2175 312 2240 Nec
333 2174 402 2260 ipse
423 2174 485 2240 tibi
505 2174 647 2258 plaudis,
676 2176 710 2240 et
731 2196 791 2260 ego
812 2173 896 2240 nihil
923 2175 1028 2261 magis
1050 2197 1089 2240 ex
1110 2175 1173 2240 fide
1195 2197 1293 2260 quam
1314 2175 1352 2240 de

157 2282 191 2344 te
211 2279 327 2344 scribo.
361 2277 496 2362 posteris
519 2299 561 2343 an
590 2277 698 2363 aliqua
720 2299 796 2343 cura
817 2278 921 2345 nostri
948 2278 1072 2364 nescio,
1098 2299 1158 2343 nos
1181 2281 1269 2343 certe
1290 2299 1351 2342 me·

158 2403 265 2447 remur
285 2383 323 2445 ut
344 2379 386 2444 sit
408 2379 530 2464 aliqua,
556 2401 624 2444 non
645 2379 717 2445 dico
738 2380 872 2466 ingenio
895 2380 942 2468 (id
963 2381 1050 2446 enim
1071 2381 1271 2466 superbum),
1300 2379 1351 2445 sed

159 2482 264 2550 studio
279 2485 312 2547 et
326 2483 435 2547 labore
450 2484 483 2546 et
497 2481 677 2547 reverentia
691 2483 903 2566 posterorum.
936 2503 1109 2569 pergamus
1122 2483 1218 2553 modo
1238 2482 1381 2547 itineres

158 2585 323 2668 instItuto,
347 2583 430 2669 quod
451 2586 488 2648 ut
502 2605 621 2668 paucos
640 2583 676 2648 in
698 2584 802 2650 lucem
823 2585 1005 2671 famamque
1020 2585 1182 2670 provexit,
1206 2585 1254 2650 ita
1275 2583 1350 2649 mul·

159 2690 210 2754 tos
232 2709 250 2752 e
270 2686 413 2753 tenebris
435 2688 468 2751 et
490 2685 618 2751 silentio
639 2686 784 2771 protulit.
822 2687 903 2752 vale.

721 2855 793 2922 XV.

501 2976 697 3042 usmarus
716 2977 879 3034 ssuooru
896 2977 968 3031 suo
986 2979 1014 3036 s,

133 3100 151 3163 1
246 3095 440 3181 Refugeram
459 3094 495 3160 in
510 3094 648 3177 Tuscos,
671 3098 709 3159 ut
722 3094 831 3159 omnia
847 3095 887 3160 ad
902 3095 1070 3166 arbitrium
1084 3116 1191 3161 meum
1205 3097 1349 3162 facerem.
1360 3113 1380 3154 a

162 3201 197 3262 at
212 3197 273 3262 hoc
287 3218 328 3261 ne
342 3197 377 3260 in
389 3196 501 3261 Tuscis
516 3196 658 3280 quidem:
673 3199 743 3261 tam
756 3197 866 3275 multis
877 3197 1017 3283 undique
1033 3199 1226 3263 rusticorum
1240 3198 1351 3264 libellis

163 3304 195 3365 et
221 3302 290 3394 tam
316 3299 456 3383 querulis
482 3298 658 3383 inquietor,
686 3320 764 3383 quos
791 3298 956 3384 aliquanto
984 3300 1087 3385 magis
1112 3300 1234 3366 invitus
1261 3322 1351 3386 quam

164 3490 366 3500 m—-n

231 3613 244 3660 1
264 3605 330 3677 ruit]
349 3608 440 3661 abfuit
457 3624 474 3658 a
558 3612 574 3659 2
593 3612 622 3660 et
639 3608 802 3660 relationem
818 3634 853 3644 —
870 3609 979 3661 remisit
995 3613 1045 3660 lta
1067 3614 1095 3660 et
1113 3609 1259 3663 relationis
1277 3609 1353 3676 (rala-

163 3680 247 3730 tionis
264 3676 298 3744 D)
317 3678 428 3743 quidem
446 3678 480 3727 de
499 3693 531 3727 eo
550 3692 651 3728 caesar
668 3677 744 3727 adsit
761 3679 803 3740 Dp
827 3680 855 3727 et
872 3677 1002 3728 relationi
1020 3679 1128 3744 quidem
1147 3678 1181 3730 de
1202 3695 1234 3730 eo
1253 3679 1353 3732 Oaasas

164 3747 255 3798 adfuit
271 3759 307 3801 rs
376 3744 517 3811 3optinui
533 3747 581 3808 Ep
599 3745 735 3811 optimiii
802 3747 1061 3798 leucoensoremr
1128 3746 1314 3810 edixerimp

163 3810 324 3881 praemium]
344 3815 494 3879 primump
562 3814 756 3878 spessiman
836 3815 916 3879 potui
939 3818 967 3865 et
985 3814 1150 3880 recollegir
1230 3814 1354 3867 Iaddidi

163 3885 235 3939 lisa
253 3882 359 3933 addidit
376 3884 438 3946 lips
505 3881 611 3946 8quod
628 3881 727 3932 deditis
745 3883 789 3944 Dp
869 3883 1003 3933 taudia
1071 3883 1157 3932 menti
1174 3883 1244 3939 Πτς
1262 3883 1354 3934 mentis

163 3953 228 4012 upa
296 3952 328 4000 10
345 3952 489 4002 oberrasse
506 3962 565 4004 rsa
577 3994 578 3999 ,
590 3951 749 4000 oberrasset
767 3952 795 3997 It
817 3949 908 4001 inesse
926 3953 968 4014 Bp
1037 3951 1146 4002 uideret
1163 3967 1207 4001 me
1226 3951 1282 4003 sibi
1300 3967 1354 4003 eum

164 4020 238 4070 ferro
256 4017 398 4069 imminere
414 4020 441 4067 II
458 4017 567 4069 uideret
583 4017 743 4068 Heluidium
761 4018 925 4082 respondere
942 4019 1009 4070 mihi
1027 4018 1105 4083 (mihi
1122 4035 1170 4070 om.
1188 4019 1223 4082 1))
1242 4023 1326 4085 Dpra

166 4089 197 4137 11
215 4084 320 4154 tamen]
341 4088 413 4137 enim
429 4103 447 4137 a
527 4089 559 4137 12
577 4087 698 4137 simodo
717 4086 852 4152 epistolae
867 4089 909 4136 Dr
927 4089 951 4137 si
968 4086 1048 4141 modo
1067 4087 1186 4154 epistola
1202 4100 1219 4151 p
1237 4087 1354 4140 simodo

167 4154 312 4221 epistolam
330 4166 347 4212 ς
415 4157 447 4206 13
466 4155 575 4221 cogitas
592 4169 628 4218 pr
695 4155 780 4206 libros
800 4170 867 4219 quos
883 4158 926 4219 Bp

232 4222 315 4273 XIIII
334 4225 365 4275 18
377 4224 496 4290 posteris
513 4222 613 4289 quibus
632 4238 667 4274 an
679 4225 707 4270 11
757 4225 846 4274 nostri
863 4239 910 4274 om.
929 4227 974 4287 Bp
1039 4225 1070 4276 19
1088 4224 1202 4290 ingenio
1213 4255 1248 4267 -
1266 4223 1353 4276 studio

167 4293 275 4356 om.1ip
344 4292 432 4342 idest
450 4292 576 4347 enimrs
661 4291 711 4341 sed
728 4290 819 4342 studio
841 4291 892 4342 sed
909 4292 1003 4343 labore
1022 4308 1039 4342 a
1107 4294 1141 4345 20
1158 4292 1314 4344 reuerentii
1328 4287 1354 4340 1

233 4363 373 4425 posterum
390 4363 434 4415 lta
523 4361 555 4416 21
574 4359 731 4425 famamque
748 4360 817 4424 lips
834 4360 911 4410 fama
927 4362 991 4416 lira
1075 4363 1109 4412 22
1128 4377 1143 4412 s
1160 4362 1286 4413 tenebris
1302 4371 1354 4416 rsa

168 4430 196 4478 et
213 4429 337 4478 tenebrIs
354 4431 402 4493 Hp
420 4430 450 4478 in
467 4428 588 4479 tenebris
605 4428 628 4475 1)

234 4496 284 4547 XV
301 4498 336 4548 24
351 4494 523 4561 FALOONI]
543 4493 734 4546 MALLIANO
751 4496 780 4544 II
864 4496 897 4546 26
915 4494 951 4546 ad
967 4495 1021 4547 hoo
1037 4499 1065 4547 II
1150 4497 1294 4564 quidemr

168 4565 201 4617 27
218 4568 247 4617 et
262 4568 320 4616 tam
339 4565 461 4631 querulis
477 4566 573 4632 upa
591 4566 620 4617 et
638 4563 760 4632 querulis
778 4574 795 4621 s
812 4566 841 4615 et
859 4563 978 4631 querelis
995 4579 1010 4618 r
1171 4572 1174 4578 '
