3024 5062
544 235 786 285 enunciamus
802 235 843 284 aa.
859 236 900 283 33.
1256 227 1319 290 343

127 387 221 452 simul
242 390 344 453 terras
358 389 487 454 ubertet
508 390 691 474 foveatque:
714 390 767 456 hic
782 392 930 456 omnibus
945 393 1081 477 pariter,
1105 395 1132 458 si
1147 416 1213 459 nou
1228 397 1318 460 steri-

126 491 265 574 litatem,
288 494 323 556 at
344 492 430 556 mala
452 491 631 557 sterilitatis
654 494 819 557 exturbat:
848 494 917 577 hic,
941 495 968 558 si
991 516 1056 559 non
1078 495 1318 581 fecunditatem,

127 595 162 656 at
183 593 267 656 bona
287 592 497 659 fecunditatis
519 595 689 678 importat:
717 595 770 659 hic
802 595 934 660 alternis
965 597 1193 662 commeatibus
1215 599 1317 664 orien-

127 697 192 760 tem
214 695 474 781 occidcntemque
497 697 652 781 conect't,
676 699 712 761 ut
734 720 815 782 quae
836 698 986 763 feruntur
1006 721 1149 784 quaeque
1165 704 1317 784 expetun-

102 801 179 861 ⁵tur
206 819 282 882 opes
313 798 452 863 invicem
481 799 613 884 capiant
641 802 755 883 gentes
786 803 819 864 et
849 801 990 886 discant,
1020 805 1140 885 quanto
1168 802 1319 869 libertate

127 899 263 964 discordi
286 900 497 965 servientibus
521 902 563 965 sit
585 901 695 965 utilius
717 924 817 966 unum
846 924 914 967 esse
937 903 988 967 cui
1010 905 1162 969 serviant.
1201 906 1318 990 quippe

127 1000 271 1066 discretis
294 1002 422 1086 quidem
443 1003 536 1067 bonis
567 1002 709 1068 omnium
738 1025 795 1067 sua
818 1004 968 1088 cuiusque
992 1006 1032 1070 ad
1055 1005 1199 1091 singulos
1221 1007 1316 1092 mala,

127 1104 256 1169 sociatis
284 1108 391 1169 autem
420 1108 516 1190 atque
542 1106 709 1190 permixtis
737 1107 937 1191 singulorum
964 1107 1049 1171 mala
1077 1109 1117 1172 ad
1144 1110 1316 1194 neminem,

127 1207 167 1270 ad
189 1228 299 1270 omnes
321 1208 462 1271 omnium
484 1208 568 1272 bona
589 1208 765 1291 pertinent.
796 1208 851 1272 sed
867 1207 933 1272 sive
948 1210 1043 1273 terris
1058 1210 1209 1274 divinitas
1224 1233 1317 1295 quae-

88 1325 115 1365 10
126 1309 199 1373 dam
222 1310 287 1373 sive
309 1309 423 1393 aliquis
439 1311 586 1374 amnibus
601 1310 732 1394 genius,
757 1312 789 1374 11
805 1310 907 1374 solum
929 1310 1008 1374 illud
1032 1314 1064 1376 11
1078 1311 1198 1376 flumen
1211 1313 1317 1397 ipsum

126 1432 239 1496 precor
259 1414 297 1475 ut
318 1410 378 1476 hac
400 1412 557 1496 principis
579 1412 783 1497 benignitate
807 1415 993 1477 contentum
1015 1414 1103 1478 molli
1126 1416 1248 1498 gremio
1271 1438 1317 1481 se-

126 1513 214 1578 mina
235 1515 404 1597 recondat,
435 1513 649 1597 multiplicata
676 1514 835 1581 restituat.
873 1535 939 1578 non
968 1516 1095 1600 quidem
1122 1519 1317 1600 reposcimus

125 1617 236 1699 fenus3
258 1618 349 1699 putet
370 1618 480 1679 tamen
496 1637 564 1680 csse
586 1615 772 1680 solvendum
786 1615 997 1700 fallacemque
1012 1617 1107 1682 unius
1130 1620 1208 1683 anni
1222 1620 1318 1684 fidem

126 1717 273 1783 omnibus
302 1718 396 1785 annis
424 1717 632 1802 omnibusque
666 1720 778 1802 postea
812 1718 946 1783 saeculis
974 1721 1067 1784 tanto
1094 1722 1214 1807 magis,
1243 1722 1318 1806 quia

87 1835 113 1875 1⁵
126 1842 193 1887 non
215 1821 387 1906 exigimus,
411 1823 550 1885 excuset.

211 1922 296 1988 Satis
322 1923 531 2006 factumque
560 1922 676 1987 civium
704 1944 766 2007 qua
794 1923 952 1987 sociorum
973 1923 1177 1989 utilitatibus.
1216 1926 1318 1991 visum
1326 1936 1368 1999 33

126 2029 177 2091 est
197 2024 416 2110 spectaculum
437 2024 512 2089 inde
534 2047 600 2088 non
623 2046 738 2088 enerve
766 2047 827 2089 nec
855 2025 974 2089 fluxum
997 2047 1057 2090 nec
1088 2028 1172 2110 quod
1194 2029 1317 2094 animos

125 2129 265 2194 virorum
286 2128 426 2193 molliret
448 2130 480 2191 et
500 2127 681 2212 frangeret,
705 2128 759 2191 sed
781 2126 864 2210 quod
887 2128 926 2192 ad
941 2127 1076 2211 pulchra
1096 2129 1230 2194 vulnera
1245 2153 1318 2196 con-

125 2233 345 2315 temptumque
367 2231 480 2295 mortis
503 2230 706 2312 accenderet,
739 2250 810 2293 cum
836 2230 871 2294 in
900 2249 1062 2294 servorum
1090 2231 1186 2295 etiam
1208 2234 1317 2299 noxio-

86 2347 112 2386 20
125 2355 258 2417 rumque
288 2333 472 2417 corporibus
502 2353 591 2397 amor
621 2331 724 2395 laudis
753 2333 785 2394 ct
813 2331 927 2412 cupido
949 2331 1100 2396 victoriae
1123 2338 1316 2402 cerneretur.

126 2457 222 2520 quam
244 2435 359 2499 deinde
387 2435 422 2499 in
445 2433 566 2498 edendo
593 2433 838 2516 liberalitatem,
867 2454 962 2517 quam
990 2433 1146 2499 iustitiam
1174 2437 1318 2502 exhibuit

126 2537 213 2602 omni
234 2536 415 2601 adfectione
443 2539 498 2600 aut
524 2536 665 2599 intactus
693 2539 749 2599 aut
777 2535 894 2599 maior!
924 2535 1132 2618 impetratum
1159 2541 1209 2602 est
1235 2540 1318 2622 quod

124 2639 365 2724 postulabatur,
395 2637 539 2702 oblatum
567 2638 650 2721 quod
678 2658 745 2701 non
767 2637 1000 2721 postulabatur.
1037 2637 1158 2702 institit
1179 2640 1263 2704 ultro
1286 2644 1319 2706 et

126 2744 163 2806 ut
186 2741 483 2824 concupisceremus
511 2739 692 2820 admonuit,
723 2760 760 2802 ac
793 2739 838 2803 sic
867 2759 991 2822 quoque
1020 2740 1113 2822 plura
1139 2741 1317 2827 inopinata,

84 2861 112 2901 2⁵
124 2844 220 2929 plura
241 2844 357 2908 subita.
395 2843 460 2906 iam
482 2863 576 2925 quam
598 2841 700 2905 libera
721 2840 937 2923 spectantium
964 2840 1084 2920 studia,
1113 2864 1209 2926 quam
1230 2865 1318 2910 secu-

125 2968 181 3011 rus
209 2946 315 3010 favor!
349 2944 472 3008 nemini
499 2942 664 3026 impietas,
693 2945 730 3006 ut
757 2941 895 3025 solebat,
924 2943 1064 3027 obiecta,
1094 2946 1177 3029 quod
1200 2947 1319 3012 odisset

126 3048 353 3134 gladiatorem
376 3066 470 3110 nemo
493 3065 509 3108 c
532 3047 712 3129 spectatore
735 3044 954 3129 spectaculum
982 3045 1088 3110 factus
1110 3048 1243 3112 miseras
1266 3071 1318 3114 vo-

126 3152 267 3234 luptates
289 3170 372 3214 unco
395 3150 428 3212 et
449 3146 579 3231 ignibus
608 3146 759 3230 expiavit.
797 3146 927 3210 demens
954 3146 1009 3211 ille
1037 3149 1165 3232 verique
1187 3149 1317 3215 honoris

127 3255 272 3338 ignarus,
303 3252 357 3336 qui
387 3249 522 3316 crimina
544 3247 722 3311 maiestatis
744 3248 780 3311 in
801 3246 922 3311 harena
951 3247 1124 3334 colligebat
1151 3272 1190 3315 ac
1212 3273 1245 3316 se
1267 3252 1319 3316 de-

197 3479 210 3526 l
229 3480 317 3528 terras
334 3475 418 3524 11111
436 3477 509 3524 11111
528 3488 596 3522 corr.
615 3476 706 3523 terras
722 3470 746 3518 A
858 3469 969 3520 ubertet
985 3470 1009 3518 A
1026 3471 1123 3523 uberet
1140 3474 1200 3522 Bcd
1302 3479 1317 3527 3

127 3545 245 3597 alternis
262 3546 369 3610 Lipsius
387 3543 489 3593 eternis
507 3543 596 3591 ABcd
680 3542 697 3589 4
715 3544 746 3589 ut
764 3552 835 3603 quae
854 3537 947 3587 ferunt
964 3553 1090 3604 quaeque
1109 3544 1241 3607 expetunt
1259 3542 1316 3606 (ex-

127 3618 242 3680 pectunt
258 3629 328 3664 corr.
347 3615 481 3677 expetunt
499 3609 526 3674 b)
546 3624 613 3674 opes
633 3612 728 3673 gentes
746 3607 855 3657 discent
877 3607 996 3655 inuicem
1017 3610 1131 3673 capiant
1149 3615 1252 3674 quanto
1269 3612 1317 3661 AB

127 3684 164 3732 cd
181 3684 213 3733 ut
230 3696 301 3747 quae
319 3681 445 3730 feruntur
464 3693 589 3743 quaeque
608 3679 773 3742 expetuntur
792 3689 884 3724 omnes
907 3678 1005 3739 gentes
1025 3680 1053 3726 11
1070 3676 1181 3727 discant
1198 3679 1317 3730 inuicem

126 3751 241 3815 capiant
267 3753 370 3814 quanto
392 3747 548 3796 Puteolanus
574 3750 605 3795 ut
632 3761 702 3810 quae
729 3743 831 3808 ubique
857 3741 984 3792 feruntur
1011 3741 1153 3808 (seruntur
1176 3747 1316 3813 Livineius)

126 3833 251 3884 quaeque
271 3818 436 3882 expetuntur
454 3828 547 3864 omues
566 3818 662 3878 gentes
685 3813 806 3863 inuicem
830 3811 940 3876 capient
965 3815 993 3860 et
1016 3811 1126 3862 discant
1148 3818 1250 3878 quanto
1269 3814 1318 3865 Ga·

125 3896 233 3938 maccus
251 3892 276 3936 et
294 3885 424 3944 Liuineius
509 3881 524 3931 5
547 3880 673 3932 libertati
698 3878 818 3930 discordi
836 3879 1023 3930 seruientibus
1043 3881 1169 3931 cerneres
1186 3880 1319 3933 libertate

125 3952 245 4007 discordi
263 3952 406 4003 ruentibus
424 3950 593 4000 Mommcemrs
677 3951 773 3999 61111
792 3948 915 3996 unumB
1001 3947 1071 3999 aad
1089 3964 1182 3999 omnes
1199 3952 1318 4000 omnium

125 4024 201 4074 bona
218 4023 347 4072 Liuineius
365 4019 402 4070 ad
419 4033 514 4069 omncs
533 4013 632 4080 (omnis
650 4017 684 4082 A)
703 4016 796 4066 omnia
814 4015 887 4064 bona
904 4016 995 4065 ABcd
1066 4019 1096 4066 12
1114 4016 1317 4083 multiplicata·

125 4105 178 4157 que
197 4089 365 4139 restituatA
450 4101 504 4136 non
523 4084 683 4148 equideme
781 4085 812 4133 15
829 4079 954 4150 excuset]
976 4085 1128 4135 exensetB
1216 4087 1247 4136 lt
1265 4104 1318 4138 nec

123 4158 271 4225 posteriore
289 4160 344 4208 loco
363 4171 411 4206 om.
428 4153 484 4218 Ac,
503 4155 564 4208 add.
582 4153 624 4201 Bd
703 4155 735 4203 23
753 4151 875 4202 oblatum
894 4151 966 4216 quod
984 4167 1039 4203 non
1057 4153 1252 4218 postulabatur
1268 4172 1315 4207 cm.

124 4228 162 4279 11
263 4220 710 4288 14111111111111111111ς
737 4235 769 4270 11
788 4221 938 4285 siquoque
960 4220 1039 4284 plura
1058 4221 1116 4283 flac
1143 4238 1176 4272 ac
1195 4222 1219 4273 si
1237 4222 1317 4288 plura

125 4308 233 4362 quoque
250 4295 273 4343 A
352 4294 384 4343 at
402 4307 482 4341 nemo
502 4306 516 4340 e
537 4293 693 4356 spectatore
712 4286 902 4353 spectaculum
920 4289 1049 4339 Liuineius
1067 4305 1144 4341 nemo
1162 4294 1190 4341 et
1208 4295 1317 4357 specta·

124 4369 169 4416 tor
188 4367 217 4413 et
234 4360 422 4428 spectaculum
440 4358 483 4421 Δβ
501 4374 581 4409 nemo
601 4361 763 4423 expectator
781 4355 989 4422 expectaculum
1003 4358 1059 4406 111
1077 4374 1156 4409 nemo
1174 4364 1318 4424 spectator

123 4429 318 4498 spectaculum
335 4431 391 4482 cod.
410 4427 516 4478 Medici.
536 4437 553 4480 ς
638 4427 671 4475 29
687 4425 717 4474 in
736 4439 821 4475 arena
839 4435 875 4479 ος
893 4425 921 4473 in
939 4424 1006 4474 hare
1026 4426 1040 4486 β
1062 4426 1091 4476 in
1108 4427 1161 4477 hac
1178 4442 1208 4478 re
1224 4428 1269 4479 Ab
1288 4430 1318 4479 in

123 4505 194 4556 hare
211 4505 228 4552 1
