3024 5062
185 253 247 318 164
538 266 542 274 ·
702 272 732 319 c.
755 273 853 321 annu

185 422 231 506 (id
257 422 343 486 enim
372 423 535 507 ingressus
562 424 765 509 abruperam)
798 445 863 488 non
892 425 994 488 solum
1022 427 1126 488 metus
1148 444 1258 488 verum
1280 421 1380 513 etiam

185 545 275 587 casus
303 524 499 608 pertulerim.
551 532 755 609 ‘quamquam
782 526 908 590 animus
937 525 1120 589 meminisse
1148 524 1272 607 horret,
1300 523 1380 587 inci-

153 625 294 708 2piam'.
337 625 482 708 profecto
514 626 670 690 avunculo
703 627 772 710 ipse
800 627 957 710 reliquum
989 629 1115 710 tempus
1149 624 1263 689 studiis
1293 624 1379 708 (ideo

183 726 269 789 enim
296 727 526 811 remanseram)
554 727 703 811 inpendi:
735 749 809 791 mox
836 726 1017 810 balineum,
1048 747 1143 808 cena,
1173 747 1304 789 somnus
1331 725 1380 788 in·

55 857 57 861 ·
153 827 307 912 3quietus
337 830 370 890 et
396 827 511 892 brevis.
556 832 774 912 praecesserat
801 850 859 912 per
886 828 1003 892 multos
1032 827 1099 891 dies
1127 831 1247 890 tremor
1273 831 1404 889 terraer

183 928 290 991 minus
316 922 555 1011 formidolosus,
590 929 665 1012 quia
694 927 891 1013 Campaniae
925 929 1047 993 solitus.
1091 927 1149 992 illa
1181 948 1256 1014 vero
1282 930 1380 991 nocte

153 1029 230 1097 4ita
250 1028 403 1107 invaluit,
427 1033 465 1093 ut
486 1051 552 1093 non
574 1031 694 1094 moveri
710 1031 818 1094 omnia
840 1031 896 1094 sed
910 1030 993 1094 verti
1009 1029 1226 1094 crederentur.
1256 1028 1379 1092 inrum-

183 1130 232 1213 pit
261 1129 440 1195 cubiculum
468 1151 573 1194 meum
601 1135 720 1195 mater:
755 1131 928 1216 surgebam
957 1131 1112 1214 invicem,
1142 1130 1170 1194 si
1192 1130 1380 1214 quiesceret,

184 1232 387 1295 excitaturus.
431 1231 599 1296 residimus
620 1233 656 1296 in
685 1255 759 1296 area
781 1233 891 1296 domus
897 1282 907 1315 ,
935 1254 1017 1317 quae
1043 1253 1132 1295 mare
1154 1253 1174 1294 a
1194 1231 1291 1295 tectis
1313 1252 1379 1294 mo-

152 1332 263 1404 bdico,
276 1333 380 1417 spatio
403 1333 573 1397 dividebat.
618 1334 730 1398 dubito
753 1335 969 1399 constantiam
992 1354 1108 1403 [vocare
1136 1356 1177 1397 an
1205 1332 1379 1416 inpruden-
1392 1351 1417 1390 10

182 1433 262 1497 tiam
290 1434 423 1498 debeam
453 1434 602 1519 (agebam
638 1434 724 1499 enim
754 1422 1066 1500 duodevicensimum
1097 1433 1254 1519 annum):.
1281 1454 1380 1517 posco

183 1534 301 1599 librum
323 1535 388 1599 Titi
410 1535 482 1600 Livi
503 1538 536 1600 et
558 1537 648 1619 quasi
670 1537 843 1620 parotium
866 1536 939 1621 lego
962 1540 1057 1621 atque
1073 1536 1186 1618 etiam,
1209 1538 1247 1599 ut
1268 1555 1387 1620 coepe-1

184 1658 270 1718 ram,
308 1659 453 1721 excerpo,
505 1657 578 1701 ecce
612 1637 732 1701 amicus
761 1637 928 1721 avunculi,
957 1638 1010 1720 qui
1040 1658 1142 1720 nuper
1170 1635 1312 1708 adeum
1340 1656 1379 1697 ex

182 1737 343 1821 Hispania
370 1742 517 1821 venerat,
546 1740 583 1801 ut
610 1760 660 1802 me
689 1741 721 1801 et
747 1741 882 1801 matrem
905 1739 1068 1820 sedentes,
1097 1758 1148 1800 me
1176 1757 1251 1801 vero
1279 1737 1379 1800 etiam

182 1839 345 1923 legentem
367 1839 470 1922 videt,
504 1839 590 1903 illius
621 1839 828 1922 patientiam,
863 1839 1068 1903 securitatem
1095 1859 1200 1902 meam
1233 1837 1377 1920 corripit.
1392 1857 1416 1896 ιι

153 1939 284 2012 6nihilo
307 1941 437 2025 segnius
460 1961 520 2025 ego
542 1941 687 2005 intentus
708 1941 743 2004 in
765 1941 892 2005 librum.
938 1941 1002 2005 iam
1024 1941 1103 2004 hora
1125 1939 1189 2004 diei
1203 1941 1320 2023 prima,
1346 1940 1379 2002 et

183 2041 286 2106 adhuc
319 2042 432 2105 dubius
466 2045 499 2106 et
528 2042 620 2127 quasi
642 2042 814 2127 languidus
836 2042 920 2106 dies:
963 2042 1028 2105 iam
1058 2042 1218 2127 quassatis
1241 2041 1399 2119 circum-N

182 2143 361 2212 iacentibus
387 2144 499 2227 tectis,
532 2165 725 2228 quamquam
751 2144 787 2207 in
820 2147 931 2227 aperto
965 2143 1050 2226 loco,
1087 2145 1226 2227 angusto
1253 2144 1377 2225 tamen,

155 2253 320 2328 imagnus
342 2248 375 2308 et
405 2247 508 2307 certus
535 2244 647 2308 ruinae
674 2248 789 2309 metus.
834 2248 903 2308 tum
932 2245 1058 2308 demum
1087 2243 1238 2308 excedere
1260 2242 1379 2327 oppido

182 2346 298 2409 visum:
333 2345 474 2430 sequitur
504 2345 619 2430 vulgus
652 2344 841 2428 attonitum,
879 2346 1024 2430 quodque
1055 2345 1091 2409 in
1122 2366 1240 2429 pavore
1273 2344 1414 2408 simileao

181 2447 385 2530 prudentiae,
417 2446 557 2511 alienum
586 2446 754 2510 consilium
782 2468 838 2510 suo
866 2446 1008 2530 praefert
1034 2447 1224 2531 ingentique
1247 2447 1378 2530 agmine

154 2548 330 2621 8abeuntis
357 2548 475 2632 premit
502 2552 535 2611 et
561 2546 698 2631 inpellit.
744 2547 864 2632 egressi
897 2550 984 2612 tecta
1018 2547 1230 2612 consistimus.
1275 2547 1378 2637 multa

183 2648 229 2712 ibi
244 2650 418 2732 miranda,
452 2648 569 2712 multas
603 2648 791 2712 formidines
818 2650 970 2733 patimur.
1015 2671 1091 2713 nam
1123 2648 1270 2714 vehicula
1296 2670 1378 2732 quae

184 2751 318 2834 produci
340 2751 550 2834 iusseramus,
584 2772 776 2835 quamquam
809 2750 844 2813 in
866 2750 1054 2834 planissimo
1083 2771 1211 2834 campo,
1240 2750 1276 2813 in
1305 2772 1378 2814 con·

183 2852 300 2916 trarias
321 2855 431 2935 partes
453 2851 634 2936 agebantur
656 2873 694 2915 ac
712 2874 753 2915 ne
774 2851 934 2935 lapidibus
956 2852 1083 2936 quidem
1104 2852 1187 2916 fulta
1209 2853 1244 2916 in
1267 2853 1413 2916 eodema

156 2952 322 3037 9vestigio
345 2952 561 3036 quiescebant.
596 2956 763 3037 praeterea
785 2975 872 3017 mare
894 2953 984 3017 inse
1006 2953 1162 3017 resorberi
1185 2958 1217 3018 et
1237 2959 1377 3018 tremore

183 3057 287 3118 terrae
314 3053 405 3136 quasi
432 3054 544 3136 repelli
571 3054 766 3118 videbamus.
813 3057 897 3119 certe
931 3058 1130 3139 processerat
1156 3045 1233 3119 litus
1261 3056 1377 3120 multa·

138 3191 141 3196 ·
183 3176 244 3239 que
273 3155 425 3219 animalia
452 3156 549 3219 maris
579 3156 671 3220 siccis
700 3156 831 3221 harenis
859 3156 1034 3221 detinebat.
1080 3156 1120 3247 ab
1148 3155 1249 3221 altero
1275 3156 1376 3221 latere

251 3358 462 3427 iquamquam]
486 3363 564 3427 Verp.
586 3363 652 3414 Aen.
670 3363 706 3411 II
723 3365 755 3412 12
858 3366 875 3412 4
900 3364 972 3413 enim
992 3379 1039 3415 om.
1057 3376 1096 3423 pa
1186 3365 1286 3427 bquia
1305 3379 1376 3412 cam-

184 3430 286 3494 paniae
305 3429 403 3479 solitus
420 3429 472 3478 illa
490 3430 549 3492 (ille
562 3431 615 3492 Dp)
635 3446 700 3480 uero
719 3435 799 3480 nocte
819 3432 859 3479 ita
878 3431 944 3490 (iam
960 3430 993 3493 n)
1012 3431 1133 3481 inualuit
1149 3435 1180 3481 nt
1198 3446 1253 3481 non
1272 3431 1375 3481 moneri

184 3497 276 3546 omnia
294 3498 343 3546 sed
361 3499 434 3546 uerti
452 3496 511 3561 (sed
532 3500 621 3548 euerti
638 3498 664 3562 a)
689 3499 865 3548 crederentur
882 3500 1002 3559 npraq
1031 3499 1066 3561 (t.
1085 3515 1108 3550 c.
1128 3499 1203 3563 quia)
1232 3500 1375 3564 campanie

184 3579 239 3615 non
257 3564 342 3613 solum
363 3562 485 3613 castella
498 3580 592 3614 uerum
612 3567 694 3615 etiarn
714 3566 816 3630 oppida
835 3581 889 3617 non
912 3567 1016 3615 moueri
1041 3567 1133 3615 omnia
1156 3567 1204 3616 sed
1227 3570 1301 3616 uerti
1319 3583 1374 3616 cre·

185 3633 322 3682 dabantur
339 3634 367 3679 lt
385 3633 431 3695 qui
450 3632 620 3698 Campaniae
639 3649 694 3683 non
713 3634 799 3683 solum
814 3633 932 3683 castella
944 3635 1135 3684 verumetiam
1155 3635 1256 3699 oppida
1275 3650 1373 3685 nexare

184 3700 295 3749 solitus:
312 3697 363 3749 illa
380 3714 446 3749 uero
464 3704 546 3749 nocte
566 3702 607 3749 ita
627 3701 757 3763 inualuit,
777 3707 879 3751 utnon
898 3702 999 3751 moueri
1022 3703 1113 3750 omnia
1137 3703 1186 3751 sed
1211 3703 1300 3752 auerti
1319 3717 1372 3753 cre·

184 3768 313 3817 darentur
339 3769 411 3830 culpo
437 3784 473 3816 ecc
492 3767 615 3818 Coronaei
637 3771 746 3819 editione
768 3771 881 3818 secunda
904 3769 969 3833 quia
987 3768 1158 3833 Campaniae
1186 3769 1300 3822 solitus:
1325 3768 1374 3821 illa

183 3850 250 3883 uero
269 3839 349 3884 nocte
368 3836 409 3883 ita
427 3834 556 3899 incaluit,
574 3840 677 3886 utnon
695 3835 782 3885 solum
802 3836 927 3897 castella,
946 3851 1040 3886 uerum
1060 3837 1144 3886 etiam
1162 3836 1266 3902 oppida
1284 3839 1372 3888 omnia

185 3917 239 3951 non
257 3903 368 3964 moueri,
387 3901 437 3950 sed
456 3904 543 3952 everti
563 3903 739 3952 crederentur
757 3904 789 3952 N.
808 3904 929 3954 Heinsius
946 3907 972 3953 in
992 3903 1062 3954 Ovio.
1080 3913 1178 3954 anctum.
1202 3905 1261 3954 VII
1279 3908 1330 3955 492

186 3971 200 4019 7
218 3971 344 4033 irrumpit
363 3969 517 4018 cubiculum
536 3983 597 4032 psa
614 3971 745 4036 inrumpit
763 3971 882 4021 eubilum
900 3987 914 4020 r
936 3972 1040 4037 inrupit
1057 3972 1212 4022 cubiculum
1230 3975 1253 4020 Ι)
1270 3972 1372 4022 inuasit

185 4038 213 4084 in
233 4035 387 4086 cubiculum
405 4037 433 4084 1
512 4037 695 4088 9residemus
713 4039 740 4086 tr
758 4039 906 4088 resedimus
923 4041 1007 4100 Dpra
1092 4042 1124 4090 10
1140 4036 1256 4107 vocare]
1275 4054 1370 4105 rogare

184 4108 236 4165 pr*
308 4119 343 4152 an
361 4103 566 4168 inprudentiam
585 4119 664 4155 erar
733 4108 764 4155 12
783 4108 828 4156 titi
846 4106 897 4155 liui
914 4108 942 4153 lt
959 4109 991 4156 T.
1011 4107 1060 4156 lini
1077 4110 1099 4155 D
1117 4108 1175 4157 Titi
1192 4109 1268 4158 Liuii
1286 4121 1340 4170 pra

186 4172 274 4235 adque
293 4173 321 4218 lt
402 4173 433 4220 14
451 4172 613 4222 sedentisn
700 4176 731 4224 16
749 4174 836 4223 nihilo
855 4175 947 4223 aecius
964 4175 1141 4239 Heusinperns
1209 4180 1266 4226 iam
1283 4178 1369 4240 priore

185 4242 240 4289 loco
258 4253 337 4291 nm.r
406 4236 559 4306 quassatis]
579 4245 713 4303 quassata
731 4244 821 4291 omnia
839 4242 866 4289 Μ
935 4243 966 4291 19
984 4247 1074 4292 certus
1094 4247 1123 4292 et
1140 4259 1255 4308 magnus
1273 4257 1309 4306 pr

184 4304 285 4369 metus]
303 4312 392 4356 motus
409 4307 475 4368 lips
571 4309 604 4357 20
623 4308 745 4373 quodque
763 4311 853 4363 Ursa
871 4324 977 4374 quoque
995 4311 1016 4358 1)
1036 4325 1149 4375 quomp
1235 4314 1269 4361 23
1288 4309 1369 4360 multa
1429 4372 1430 4377 ¹

184 4373 329 4424 formidine
348 4376 376 4421 lt
443 4375 476 4424 25
493 4376 621 4439 partiali
689 4379 722 4426 26
739 4377 869 4427 risorberi
887 4379 915 4424 lt
982 4380 1014 4429 27
1033 4376 1143 4443 repelli]
1163 4378 1263 4429 reuelli
1280 4374 1308 4428 Π

184 4447 358 4521 processerat
375 4444 446 4496 Μςι
462 4448 653 4507 praecesserat
668 4447 731 4506 Dpr
832 4446 866 4496 28
883 4446 966 4496 siccis
989 4446 1102 4496 harenis
1119 4447 1220 4509 11qu
1244 4448 1326 4498 siccis
1343 4447 1368 4496 et
1398 4511 1400 4517 Ι

186 4524 277 4560 arenis
294 4524 308 4559 ι·
325 4525 354 4558 ιιι
372 4525 457 4560 siccis
476 4525 568 4562 arenis
586 4525 603 4562 a
679 4566 681 4571 .
