3024 5062
206 261 253 307 XL
699 257 909 306 PRAEFATIO.

205 421 276 478 lucis
297 424 419 478 nostrae
441 416 658 476 MDCCCCLX
663 416 753 475 VIII.
777 417 873 476 Paulo
887 461 893 472 .
906 413 967 476 11⁰.
990 416 1115 477 Romae.
1133 423 1220 494 pont.
1243 434 1327 479 mox.
1353 435 1402 478 co·

207 515 266 578 dex
299 514 463 599 eleganter
503 516 535 578 et
562 516 711 578 accurate
739 514 891 598 scriptus,
921 535 984 597 qua
1011 516 1079 578 arte
1108 517 1188 579 tunc
1219 513 1401 580 Florentini

206 616 327 679 librarii
350 615 539 697 utebantur,
564 605 597 678 et
618 614 753 697 picturis
776 617 908 680 ornatus
931 617 989 679 est.
1027 618 1101 698 post
1116 615 1253 699 primam
1268 617 1403 701 scriptu-

205 739 273 781 ram
307 737 410 801 pauca
442 719 583 781 correcta
616 719 708 799 sunt,
742 738 759 781 e
787 717 901 799 quibus
930 717 1085 800 quaedam
1113 716 1253 781 eiusdem
1274 717 1399 783 librarii

208 840 338 883 manum
370 819 489 882 referre
527 819 692 903 videntur,
736 819 890 902 quaedam
925 819 988 882 alia
1026 839 1124 882 manu
1161 818 1283 902 scripta
1314 823 1400 884 sunt.

135 988 144 1001 ,
206 920 302 984 alium
336 919 477 984 codicem
500 918 778 1004 salisburgensem
811 920 851 983 ab
879 920 940 984 hoc
967 920 1142 1003 diversum,
1176 939 1263 983 nunc
1295 919 1401 1004 ipsum

204 1042 328 1105 quoque
350 1020 634 1085 Vindobonensem
661 1021 746 1102 apud
773 1019 1006 1085 Endlioherum
1027 1020 1048 1083 l.
1073 1041 1100 1084 c.
1129 1041 1161 1102 p.
1186 1020 1258 1103 137,
1287 1020 1402 1086 habuit

205 1122 414 1188 Schwarzius.
439 1121 537 1185 codex
559 1120 815 1185 Monacensis
837 1120 900 1186 309
923 1120 1024 1184 chart.
1046 1120 1082 1185 4:
1107 1121 1148 1184 cf.
1165 1121 1304 1207 catalog.
1329 1123 1397 1189 eod.

204 1225 260 1289 lat.
284 1223 362 1287 bibl.
384 1244 453 1307 reg.
477 1222 603 1286 Monac.
627 1220 644 1284 I
668 1226 684 1285 1
707 1244 739 1306 p.
762 1222 815 1286 56.
854 1222 888 1286 in
916 1222 976 1286 hoc
1005 1242 1129 1305 quoque
1159 1243 1262 1305 pauca
1288 1227 1401 1308 postea

205 1328 346 1390 correcta
369 1326 460 1406 sunt,
484 1344 544 1387 nec
568 1326 655 1403 certo
677 1323 794 1407 ubique
810 1326 955 1406 apparet,
979 1322 1055 1406 quid
1078 1322 1245 1387 abeodem
1266 1325 1399 1389 librario

203 1430 396 1508 correctum,
421 1426 496 1509 quid
519 1427 630 1508 postea
651 1424 796 1488 additum
818 1426 871 1488 sit.
906 1446 981 1488 usus
1006 1426 1055 1487 est
1077 1445 1115 1487 eo
1130 1424 1308 1490 Gronovius
1330 1426 1398 1492 obs.

202 1528 249 1592 lV
274 1528 323 1593 16.
358 1527 456 1591 codex
491 1526 819 1592 Oaroliruhensis
852 1526 928 1589 olim
960 1525 1168 1590 Durlaoensis
1189 1526 1232 1591 36
1262 1527 1397 1593 membr.

202 1631 233 1693 4.
257 1631 320 1694 fuit
335 1629 411 1692 olirn
428 1627 618 1711 Schwarzii,
640 1630 753 1712 postea
768 1629 807 1692 ad
823 1627 992 1692 Moerlium
1006 1626 1038 1693 N
1040 1627 1312 1712 orimbergensem
1328 1650 1400 1694 eum

203 1732 344 1795 delatum
366 1751 434 1793 esse
456 1729 569 1794 scribit
590 1729 741 1815 laegerus
776 1731 810 1794 in
844 1729 1045 1814 praefatione
1073 1749 1149 1793 suae
1171 1729 1322 1794 editionis
1344 1753 1399 1814 pa·

204 1832 439 1917 negyricorum.
462 1831 497 1894 hi
508 1831 583 1894 libri
597 1852 708 1895 ornnes
731 1853 802 1896 cum
824 1830 957 1914 reliquis
972 1830 1177 1914 panegyricis
1194 1830 1400 1897 coniunctam

204 1934 326 1998 habent
347 1932 445 1997 Plinii
467 1933 656 1997 orationem.
695 1933 792 1997 codex
815 1933 1076 2017 Augustanus
1106 1931 1322 1998 bibliothecae
1343 1957 1400 2018 pu·

203 2035 305 2099 blicae
335 2034 394 2099 118
432 2032 533 2098 chart.
571 2033 627 2098 fol.
665 2057 693 2098 a.
726 2035 807 2098 1466
844 2034 992 2117 scriptus.
1053 2035 1198 2098 continet
1234 2034 1399 2100 hhancisoi

204 2136 332 2200 Aretini
368 2135 489 2219 scripta
501 2184 510 2218 ,
549 2134 664 2199 deinde
698 2135 796 2199 Plinii
832 2136 1042 2219 epistularum
1078 2135 1176 2200 libros
1213 2139 1286 2201 octo
1297 2185 1307 2220 ,
1344 2158 1400 2220 pa-

203 2238 412 2323 negyricum,
449 2236 565 2300 librum
588 2239 626 2301 de
660 2238 737 2302 viris
769 2237 963 2320 illustribus,
992 2237 1046 2321 qui
1074 2239 1143 2300 tum
1176 2237 1273 2322 vulgo
1301 2236 1401 2303 Plinii

68 2382 70 2389 ι
202 2340 333 2404 nomine
360 2339 534 2421 inscriptus
561 2339 735 2402 ferebatur.
773 2341 807 2402 in
841 2339 906 2402 fine
937 2339 1054 2403 codicis
1081 2361 1184 2403 annus
1213 2360 1307 2423 quem
1334 2339 1400 2402 dixi

203 2440 400 2524 subscriptus
437 2443 501 2522 est,
541 2446 611 2504 leus
643 2447 699 2504 deo
734 2447 930 2521 omnipotenti
972 2452 1062 2504 rado.
1099 2441 1197 2505 codex
1233 2440 1400 2505 Medio·
1500 2509 1502 2513 ,

203 2542 383 2608 lanensis
406 2541 616 2606 bibliothecae
641 2541 837 2626 Braydensis
860 2546 900 2607 A.
916 2542 957 2606 D.
983 2541 1062 2606 XIV
1083 2542 1135 2605 40.
1159 2544 1190 2624 4,
1220 2540 1297 2605 olim
1320 2541 1400 2605 ‘hlo-

202 2644 378 2709 nachorurn
402 2643 663 2728 congregationis
686 2647 816 2708 sanotae
844 2643 987 2707 Iustinae
1015 2644 1054 2706 de
1085 2642 1215 2726 padua’.
1254 2642 1400 2707 continet

202 2746 433 2831 panegyricum
461 2742 569 2808 Plinii.
607 2743 829 2829 apographum
858 2745 924 2808 eius
950 2749 1037 2829 tum,
1067 2766 1138 2809 cum
1166 2743 1291 2808 Patavii
1319 2748 1398 2828 erat,

204 2848 327 2912 facturn
349 2846 464 2911 habuit
486 2843 696 2909 Schwarzius.
734 2841 930 2909 Vaticanum
953 2846 1093 2911 codicem
1115 2868 1167 2911 me
1189 2847 1326 2931 rogante
1349 2867 1400 2910 ex-

205 2950 304 3014 cussit
327 2947 573 3012 Wilmannsius.
612 2947 890 3012 Caroliruhensem
913 2948 962 3011 bis
979 2948 1130 3012 collatum
1144 2948 1243 3014 habui
1266 2947 1400 3012 aPran-

169 3050 288 3141 *cisco
310 3048 533 3134 Eyssenhardt
561 3052 593 3113 et
620 3049 661 3112 ab
689 3048 823 3114 Alfredo
852 3048 990 3133 Holder,
1020 3052 1074 3133 qui
1104 3071 1175 3114 oum
1202 3049 1399 3114 audivissent

203 3173 254 3214 me
276 3173 391 3215 novam
415 3150 588 3215 editionem
610 3172 741 3235 parare,
764 3151 942 3216 liberaliter
956 3151 1088 3216 schedas
1109 3174 1184 3216 suas
1207 3150 1247 3215 ad
1269 3173 1320 3215 me
1342 3153 1401 3216 mi·

204 3255 324 3317 serunt.
348 3252 486 3335 reliquos
508 3253 628 3337 partim
650 3255 735 3318 domi
758 3253 933 3337 habebam,
957 3255 1032 3318 dum
1049 3253 1146 3318 editio
1160 3256 1305 3338 paratur,
1328 3275 1401 3337 par·

204 3352 262 3417 tim
284 3353 474 3437 scripturam
497 3355 573 3418 olim
596 3376 825 3440 excerpseram.

289 3454 351 3520 Sed
373 3477 476 3538 neque
498 3456 533 3520 in
556 3456 609 3519 his·
629 3457 720 3521 libris
743 3478 821 3540 quos
844 3458 910 3521 dixi
925 3479 1029 3541 neque
1050 3458 1086 3521 in
1109 3457 1197 3541 aliis,
1222 3482 1301 3543 quos
1324 3463 1400 3525 ante

203 3579 254 3621 me
277 3558 414 3622 editores
443 3561 694 3642 usurpaverunt,
725 3581 763 3622 ea
789 3560 851 3623 fide
878 3560 995 3624 veteris
1024 3559 1213 3643 exemplaris
1241 3562 1401 3646 scriptura

205 3681 354 3743 expressa
376 3662 441 3741 est,
466 3663 502 3723 ut
525 3660 564 3723 ad
588 3681 658 3724 eam
673 3661 932 3745 investigandam
955 3682 1036 3725 unus
1060 3661 1175 3744 aliquis
1199 3665 1320 3727 certum
1343 3663 1400 3728 du-

205 3782 273 3825 cem
307 3783 340 3825 se
373 3761 536 3846 praebeat.
574 3784 651 3825 nam
680 3783 832 3846 cumpro
854 3783 942 3826 more
975 3761 1061 3825 illius
1094 3763 1228 3847 aetatiS,
1263 3785 1344 3849 quae
1366 3766 1401 3831 in

204 3862 401 3947 corrigendis
429 3863 519 3926 libris
547 3886 645 3929 manu
674 3865 802 3948 scriptis
824 3864 1030 3928 temerariam
1057 3865 1243 3948 plerumque
1271 3887 1401 3950 operam

205 3963 396 4046 collocabat,
420 3965 529 4028 statim
551 3968 625 4048 post
646 3966 836 4048 inventum,
857 3970 893 4030 ut
908 3966 1050 4049 videtur,
1075 3965 1283 4051 archetypum
1298 3969 1402 4033 multa

203 4067 238 4129 in
260 4069 366 4130 vetere
389 4065 526 4130 lectione
548 4070 672 4130 mutata
694 4066 817 4150 essent,
841 4089 898 4150 per
913 4067 1022 4132 omnia
1038 4068 1226 4153 apographa
1248 4092 1401 4135 unacum

204 4167 350 4251 plurimis
372 4167 574 4231 librariorum
597 4169 756 4232 erroribus
779 4169 877 4232 etiam
894 4170 1096 4234 coniecturae
1112 4171 1276 4236 doctorum
1298 4172 1400 4236 homi-

203 4292 282 4334 num
304 4272 501 4354 propagatae
517 4254 602 4334 sunt.
634 4270 814 4334 accuratius
835 4274 945 4336 tamen
965 4294 1061 4355 quam
1083 4272 1221 4356 reliquos
1244 4275 1400 4359 scriptum

204 4373 313 4438 inveni
335 4371 529 4436 Vaticanum
543 4358 708 4456 ¹codicem,
730 4394 922 4457 quamquam
949 4396 990 4438 ne
1013 4374 1040 4437 is
1069 4374 1195 4457 quidem
1223 4379 1311 4441 omni
1332 4377 1399 4443 Ita-

85 4475 307 4691 Ὗοιᾞηι
328 4473 574 4559 interpolatione
595 4480 700 4541 vacat.
739 4477 825 4542 hunc
841 4475 1156 4543 Wolfenbuttelanus
1178 4478 1224 4543 ita
1245 4480 1400 4570 sequitur,
