3024 5062
503 284 747 334 EPISTULARUM
770 286 845 333 vm.
871 275 913 330 14ss
933 281 968 346 (a.
985 285 1041 332 roe.
1058 282 1117 348 roe)
1324 276 1403 340 -223

211 443 407 507 dissentiunt
421 441 456 504 in
473 439 668 504 contrariam
683 440 807 521 partem
821 460 951 520 vocare,
974 461 1087 524 cogere
1095 491 1104 524 ,
1128 442 1314 526 impellere?
1336 466 1402 508 non

211 545 323 610 consul
345 544 459 626 etiam,
484 541 537 605 ubi
560 541 692 624 quisque
707 560 881 625 remanere,
905 564 967 625 quo
989 543 1172 627 transgredi
1187 544 1312 627 debeat,
1335 568 1402 609 non

208 650 337 710 tantum
365 643 571 709 sollemnibus
600 641 705 705 verbis
733 641 789 704 sed
816 664 914 706 manu
941 646 1097 727 gestuque
1119 644 1341 710 demonstrat?
1368 648 1450 711 aar

209 748 295 811 enim
322 747 468 811 futurum
496 748 544 809 est
571 747 623 826 ut,
653 743 680 806 si
709 743 893 807 dividantur
915 745 1095 808 sententiae
1116 747 1340 813 interficientis
1369 753 1401 812 et

183 849 394 934 arelegantis,
411 847 597 932 praevaleat
610 845 667 908 illa
684 867 766 929 quae
782 845 928 909 absolvit.
963 847 1038 929 quid
1053 847 1139 911 istud
1154 848 1193 911 ad
1210 852 1400 914 censentes?

207 971 285 1035 quos
309 952 394 1013 certe
409 971 476 1012 non
497 948 588 1012 decet
603 947 750 1011 omnibus
773 947 911 1030 artibus,
935 948 1021 1011 omni
1044 949 1168 1012 ratione
1191 972 1336 1034 pugnare
1358 975 1399 1015 ne

207 1051 264 1114 fiat
285 1051 370 1135 quod
391 1053 447 1114 est'
462 1049 582 1113 mitius
617 1051 744 1132 oportet
767 1050 876 1112 tamen
904 1070 956 1113 eos
979 1050 1033 1132 qui
1055 1050 1195 1132 puniunt
1222 1056 1253 1116 et
1275 1055 1329 1137 qui
1351 1075 1399 1116 re-

206 1153 320 1237 legant
342 1150 579 1216 absolventibus
602 1151 756 1234 primum,
786 1171 860 1213 mox
887 1150 973 1213 inter
995 1173 1028 1215 se
1052 1154 1238 1235 comparari.
1277 1155 1399 1218 scilicet

205 1256 242 1319 ut
262 1256 298 1318 in
321 1252 512 1338 spectaculis
535 1253 722 1336 quibusdam
744 1273 811 1316 sors
834 1252 971 1335 aliquem
994 1255 1120 1336 seponit
1142 1276 1179 1318 ac
1201 1248 1320 1338 servat,
1343 1259 1397 1340 qui

169 1377 192 1415 ιο
205 1377 276 1419 cum
303 1355 423 1419 victore
452 1355 643 1436 contendat,
658 1354 719 1417 sic
746 1354 781 1416 in
809 1356 923 1417 senatu
945 1358 1021 1417 sunt
1042 1355 1149 1439 aliqua
1172 1357 1290 1441 prima,
1321 1362 1397 1421 sunt

203 1457 343 1521 secunda
365 1457 570 1539 certamina„
589 1458 621 1518 et
648 1477 685 1518 ex
713 1454 835 1518 duabus
864 1457 1032 1519 sententiis
1060 1478 1129 1520 earn
1152 1480 1232 1541 quae
1255 1460 1397 1542 superior

203 1559 347 1622 extiterit
367 1558 463 1622 tertia
485 1559 642 1641 expectat.
676 1557 768 1641 quid,
792 1557 875 1640 quod
896 1559 1000 1640 prima
1020 1560 1181 1622 sententia
1202 1561 1396 1644 conprobata
1405 1564 1447 1627 22

203 1663 328 1724 ceterae
355 1659 576 1743 perimuntur?
607 1680 670 1742 qua
692 1679 768 1742 ergo
794 1659 920 1723 ratione
942 1663 1047 1743 potest
1069 1682 1137 1724 esse
1159 1683 1225 1725 non
1246 1684 1329 1726 unus
1351 1666 1395 1726 at

201 1783 262 1845 que
285 1760 370 1824 idem
392 1760 480 1824 locus
495 1760 739 1842 sententiarum,
763 1781 898 1843 quarum
912 1761 1027 1849 nullusv
1042 1765 1090 1825 est
1111 1763 1246 1845 postea?
1268 1764 1396 1847 planius
1404 1768 1446 1832 23

167 1883 188 1922 15
200 1865 356 1946 repetam.
390 1862 454 1926 nisi
469 1861 595 1926 dicente
616 1862 809 1925 sententiam
832 1862 944 1945 ecqui
965 1862 1089 1946 relegat
1110 1863 1158 1927 illi
1179 1865 1234 1948 qui
1255 1865 1395 1950 puniunt

143 1957 151 1966 ’
201 1964 307 2048 capite
328 1964 422 2027 initio
445 1961 555 2027 statim
576 1963 612 2026 in
634 1962 698 2027 alia
720 1963 902 2046 discedant,
926 1963 1048 2027 frustra
1069 1967 1181 2047 postea
1203 1964 1395 2031 dissentient

201 2066 241 2130 ab
265 2087 302 2128 eo
326 2065 376 2128 cui
391 2064 487 2148 paulo
510 2067 586 2126 ante
602 2063 834 2127 consenserint.
869 2064 923 2126 sed
939 2064 1014 2147 quid
1038 2086 1097 2148 ego
1114 2066 1227 2129 similis
1243 2067 1446 2137 docentirrt

200 2166 417 2230 cumdiscere
430 2164 542 2248 velim,
566 2187 608 2253 an
623 2165 798 2229 sententias
821 2165 935 2248 dividi,
960 2188 1002 2229 an
1025 2167 1064 2229 iri
1087 2167 1122 2230 in
1137 2168 1281 2251 singulas
1303 2191 1393 2253 opor-

198 2268 310 2332 tuerit.
354 2267 478 2331 obtinni
507 2267 633 2351 quidem
661 2267 743 2350 quod
771 2266 988 2349 postulabam3
1017 2250 1124 2331 'nihilo
1150 2269 1256 2332 minus
1282 2273 1392 2336 tamen

164 2390 333 2454 aquaem,
355 2391 398 2433 an
419 2368 582 2453 postulare
604 2367 777 2432 debuerim.
812 2389 906 2451 quem
933 2368 973 2430 ad
1000 2369 1128 2432 modum
1156 2371 1305 2434 obtinui?
1338 2375 1391 2456 qui

196 2470 346 2534 ultimum
374 2471 564 2554 supplicium
592 2470 780 2533 sumendum
808 2491 877 2533 esse
906 2471 1072 2551 censebat,
1105 2471 1213 2534 neseio
1240 2495 1282 2536 an
1311 2474 1389 2558 iure,

197 2576 284 2636 certe
306 2571 467 2656 aequitate
489 2571 713 2655 postulationis
741 2593 830 2635 meae
852 2572 970 2654 victua,
1001 2573 1118 2635 omissa
1146 2574 1306 2638 sententia
1333 2597 1391 2639 sua

196 2673 334 2737 accessit
354 2672 528 2757 releganti3
552 2674 670 2736 veritus
685 2673 808 2736 scilicet
830 2695 887 2755 ne,
911 2673 938 2736 si
961 2673 1178 2737 dividerentur
1200 2677 1389 2760 sententiae,

196 2775 280 2860 quod
303 2774 421 2858 alioqui
443 2775 512 2838 fore
533 2775 717 2855 videbatur,
742 2796 780 2838 ea
800 2796 892 2871 quae'
905 2774 1114 2838 absolvendos
1142 2798 1209 2839 esse
1224 2761 1390 2842 ¹censebat

159 2898 330 2941 annumero
351 2876 559 2960 praevaleret.
593 2877 713 2940 etenim
734 2875 831 2960 longe
853 2877 960 2960 plures
987 2877 1023 2938 in
1050 2878 1111 2940 hac
1138 2900 1203 2942 una
1236 2901 1332 2962 quam
1353 2882 1388 2945 in

195 2979 318 3051 duabus
340 2977 476 3062 singulis
499 2980 601 3041 erant.
637 2981 707 3042 tum
728 2978 776 3042 illi
798 2999 922 3062 quoque
944 2978 998 3062 qui
1021 2980 1213 3043 auctoritate
1235 2981 1302 3044 eius
1324 2984 1439 3050 tra-25

194 3079 361 3144 bebantur'
377 3082 566 3143 transeunte
588 3079 643 3143 illo
659 3081 803 3145 destituti
825 3080 1024 3163 reliquemnt
1038 3082 1232 3145 sententiam
1254 3083 1295 3147 ab
1318 3084 1387 3167 ipso

194 3185 325 3246 auctore
347 3182 505 3246 desertam
527 3182 689 3266 secutique
712 3188 788 3247 sunt
812 3183 902 3267 quasi
924 3182 1127 3267 transfugam
1154 3206 1247 3269 quem
1275 3184 1387 3248 ducem

193 3284 420 3368 sequebantur.
457 3283 507 3346 sic
529 3284 692 3347 extribus
715 3284 885 3348 sententiis
908 3284 988 3347 duae
1009 3284 1131 3369 factae,
1159 3287 1325 3370 tenuitque
1348 3293 1437 3356 exus

154 3407 180 3445 sa
194 3384 318 3448 duabus
346 3385 448 3449 altera
476 3385 572 3448 tertia
600 3385 746 3469 expulsa,
775 3407 873 3470 quae,
904 3407 976 3449 cum
1003 3387 1113 3450 ambas
1141 3408 1291 3471 superare
1320 3411 1385 3452 non

192 3489 317 3570 posset,
341 3485 440 3570 elegit
462 3486 503 3549 ab
524 3488 597 3550 utra
618 3487 809 3552 vinceretur.
847 3486 927 3551 vale.

193 3661 395 3668 ---........-

261 3756 404 3826 2consul]
425 3760 565 3810 consulere
583 3775 600 3809 a
685 3777 739 3811 non
758 3762 886 3812 tantdntr'r
905 3762 1041 3813 lemnibus
1058 3764 1086 3810 Η
1165 3766 1234 3814 3ad
1253 3767 1324 3815 enim
1342 3766 1383 3816 M:

191 3834 222 3877 at
241 3833 313 3878 enim
331 3855 365 3865 —
384 3832 415 3879 12
435 3833 566 3894 expectat
584 3828 706 3879 Budaeus
724 3833 739 3882 l.
760 3847 782 3879 c.
904 3833 920 3880 7
938 3833 1038 3880 metius
1056 3846 1126 3882 corr.
1146 3833 1238 3883 mitius
1255 3833 1282 3881 Η

189 3898 239 3961 qui
257 3902 343 3946 morte
360 3897 476 3961 puniunt
493 3897 616 3947 Budaeus
683 3897 1027 3948 8ababsoluentibns1
1096 3902 1125 3948 11
1145 3915 1205 3948 eum
1224 3903 1272 3965 qui
1289 3904 1316 3949 Μ

190 3967 224 4014 12
243 3965 341 4014 exierit
359 3965 481 4015 Budaeus
498 3980 515 4013 a
602 3963 677 4030 quid]
698 3965 770 4031 quod
788 3982 857 4018 corr.
876 3966 940 4031 quid
957 3967 984 4012 Μ
1071 3972 1221 4031 conparata
1238 3968 1265 4016 Η
1352 3973 1382 4021 13

187 4037 368 4097 peremuntnr
387 4048 458 4097 quae
477 4034 583 4083 ratione
600 4033 627 4081 Μ
707 4049 767 4083 esse
786 4050 859 4084 nune
876 4049 946 4083 unus
966 4034 995 4084 d.
1014 4034 1050 4085 H.
1069 4035 1224 4098 Sclaeferus
1292 4037 1381 4101 adque

186 4101 217 4149 Ι
286 4100 318 4150 15
336 4101 483 4166 religatM
552 4103 583 4150 16
603 4100 797 4151 discedunta.
861 4104 898 4152 19*
912 4102 1017 4167 optinui
1034 4102 1095 4153 Ma:
1123 4105 1255 4167 optimum
1274 4106 1382 4168 quidem

185 4195 223 4203 —
240 4170 272 4219 31
299 4169 457 4218 uinceretur
475 4168 597 4219 Budaeus
727 4172 761 4219 20
778 4169 915 4220 debuerim
935 4208 941 4223 .
961 4170 1188 4232 quemadmodum
1208 4172 1341 4222 abstinuit
1358 4174 1381 4222 is

186 4237 237 4301 qui
255 4236 379 4286 Budaeus
396 4235 537 4286 debuerim
556 4253 592 4286 an
611 4237 757 4289 abstinere.
778 4237 1009 4300 Quemadmodum
1030 4239 1164 4289 abstinuit
1181 4241 1206 4289 is
1225 4241 1272 4304 qui
1290 4256 1307 4289 a

184 4305 298 4370 optinui
316 4306 344 4352 Π
411 4306 444 4354 22
462 4311 556 4356 certae
573 4306 601 4352 Η
669 4307 702 4354 23
720 4311 848 4355 accenset
863 4307 891 4353 Η
975 4320 1010 4354 ne
1029 4303 1065 4373 si]
1085 4307 1138 4356 nisi
1155 4306 1182 4354 Η
1257 4310 1291 4357 24
1309 4323 1381 4371 quae

182 4371 336 4423 soluendus
353 4374 380 4419 Π
448 4374 481 4422 29
500 4389 532 4421 ex
551 4369 647 4436 tribus]
666 4388 699 4421 ex
717 4373 824 4423 duabus
843 4373 963 4424 Budaeus
1031 4374 1314 4425 muneratorium
