3024 5062
204 321 266 385 308
607 334 637 382 o.
661 335 757 381 emm
779 335 823 381 ss
846 333 989 381 mirmur

201 491 311 554 sedne
333 490 437 572 furta,
460 511 501 552 ne
523 489 711 571 latrocinia,
736 510 777 551 ne
794 488 950 552 adulteria
966 487 1220 568 committerent,
1244 506 1285 549 ne
1300 486 1396 550 fidem

200 593 367 675 fallerent,
403 613 443 654 ne
472 591 650 674 depositum
679 590 834 674 appellati
863 590 1080 674 abnegarent:
1113 589 1228 674 quibus
1257 589 1396 672 peractis

200 716 321 757 morem
348 693 409 757 sibi
437 692 620 756 discedendi
648 693 761 775 fuisse,
789 713 959 775 rursusque
981 698 1110 756 coeundi
1136 691 1176 754 ad
1205 691 1396 774 capiendum

203 796 325 879 cibum,
349 796 565 878 promiscuum
587 797 696 857 tamen
719 797 751 858 et
772 795 954 876 innoxium3
981 793 1064 877 quod
1085 793 1192 878 ipsum
1214 793 1322 857 facere
1345 794 1395 856 de-

136 888 138 893 ’
202 898 280 961 sisse
302 901 375 981 post
397 897 536 960 edictum
558 918 679 979 meum,
701 918 763 980 quo
786 897 960 960 secundum
982 895 1136 960 mandata
1158 898 1215 959 tua
1235 894 1421 959 hetaeriasu

173 1003 269 1066 8esse
291 1002 463 1063 vetueram.
493 1020 555 1083 quo
570 998 674 1083 magis
689 1000 905 1062 necessarium
921 997 1040 1062 credidi
1063 1019 1102 1061 ex
1118 997 1241 1061 duabus
1257 997 1394 1080 ancillis,

201 1122 282 1185 quae
297 1101 463 1164 ministrae
479 1101 683 1185 dicebantur,
705 1100 781 1184 quid
797 1102 880 1164 esset
902 1100 969 1164 veri
992 1102 1025 1163 et
1046 1121 1104 1183 per
1118 1103 1280 1164 tormenta
1303 1122 1396 1184 quae·

203 1224 283 1266 rere.
314 1202 396 1266 nihil
412 1202 497 1266 aliud
518 1202 627 1267 inveni
650 1224 747 1286 quam
767 1202 1025 1286 superstitionem
1039 1202 1395 1284 pravamimmodicam.

172 1304 275 1372 9ideo
291 1303 391 1367 dilata
406 1305 591 1389 cognitione
606 1305 646 1368 ad
662 1304 890 1369 consulendum
907 1306 940 1368 te
956 1304 1132 1368 decucurri.
1161 1302 1230 1367 visa
1246 1307 1296 1368 est
1311 1305 1396 1367 enim

206 1404 284 1468 mihi
307 1427 357 1468 res
380 1405 480 1491 digna
495 1406 744 1490 consultatione,
769 1406 905 1470 maxime
919 1408 1051 1490 propter
1063 1404 1318 1489 periclitantium
1340 1426 1431 1470 nu-10

200 1529 333 1571 merum.
366 1507 458 1572 multi
474 1509 559 1572 enim
575 1508 679 1572 omnis
695 1509 825 1592 aetatis,
849 1508 953 1572 omnis
968 1508 1105 1591 ordinis,
1122 1507 1289 1592 utriusque
1305 1531 1395 1574 sexus

201 1610 316 1693 etiarn,
353 1614 507 1674 vocantur
535 1611 570 1674 in
597 1609 773 1693 periculum
806 1613 838 1674 et
867 1610 1075 1674 vocabuntur.
1116 1632 1221 1695 neque
1250 1611 1395 1675 civitates

202 1714 330 1776 tanturn
353 1712 408 1775 sed
423 1713 509 1776 vicos
532 1712 628 1775 etiam
644 1715 740 1797 atque
760 1734 853 1797 agros
876 1711 1112 1796 superstitionis
1128 1711 1221 1776 istius
1244 1714 1394 1798 contagio

153 1820 192 1883 10
201 1817 378 1899 pervagata
406 1817 469 1899 est,
498 1835 579 1897 quae
608 1814 733 1878 videtur
761 1814 831 1879 sisti
859 1817 892 1878 et
920 1814 1037 1898 corrigi
1064 1835 1168 1898 posse.
1209 1817 1296 1879 certe
1318 1815 1394 1878 satis

202 1919 329 1979 constat
356 1936 455 1999 prope
482 1915 547 1986 iarn
575 1915 717 1980 desolata
744 1915 865 1999 templa
895 1915 1036 2000 coepisse
1065 1916 1219 1980 celebrari
1249 1920 1283 1980 et
1304 1938 1394 1981 sacra
1407 1933 1428 1972 ¹⁵

201 2017 368 2080 sollemnia
395 2017 448 2081 diu
477 2017 660 2081 intermissa
688 2017 790 2102 repeti
818 2022 1009 2101 pastumque
1042 2018 1152 2082 venire
1179 2019 1393 2102 victimarum,

203 2120 291 2183 cuius
319 2119 422 2183 adhuc
444 2119 626 2183 rarissimus
656 2122 780 2203 emptor
802 2120 1034 2184 inveniebatur.
1072 2142 1110 2184 ex
1138 2142 1201 2205 quo
1229 2120 1327 2185 facile
1349 2125 1396 2184 est

202 2220 343 2304 opinari,
367 2243 447 2305 quae
469 2223 564 2286 turba
586 2221 753 2286 hominum
782 2221 946 2286 emendari
968 2222 1085 2306 possit,
1114 2223 1142 2286 si
1164 2223 1209 2286 sit
1230 2222 1396 2306 paeniten-

202 2322 267 2385 tiae
289 2321 388 2386 locus.

636 2492 768 2559 xovn.
794 2492 966 2578 [torui]
1405 2522 1428 2561 20

635 2614 815 2666 TRAIANUS
837 2614 963 2667 PLINIO

176 2735 193 2797 1
288 2731 407 2795 Actum
435 2753 528 2815 quem
556 2730 710 2815 debuisti,
739 2731 784 2795 mi
812 2730 973 2816 Secunde,
1003 2733 1038 2797 in
1064 2733 1265 2799 excutiendis
1294 2735 1395 2800 causis

204 2853 314 2896 eorum
328 2835 383 2917 qui
399 2832 576 2898 Christiani
598 2833 638 2897 ad
655 2835 688 2898 te
703 2832 802 2898 delati
823 2833 955 2898 fuerant
976 2837 1102 2909 secutus
1117 2858 1161 2900 es.
1193 2839 1395 2922 nequeenim

204 2935 239 2997 in
266 2936 449 2999 universum
472 2935 591 3019 aliquid
613 2936 696 3020 quod
723 2936 815 3020 quasi
838 2940 959 3001 certam
980 2936 1117 3001 formam
1138 2938 1260 3003 habeat
1281 2940 1395 3005 eonsti-

207 3037 254 3099 tui
283 3040 399 3120 potest.
438 3037 645 3121 conquirendi
671 3060 738 3101 non
765 3040 855 3102 sunt:
884 3039 911 3102 si
939 3038 1125 3104 deferantur
1150 3044 1183 3105 et
1205 3045 1393 3126 arguantur,
1406 3056 1427 3096 ²⁵

202 3138 356 3221 puniendi
379 3143 469 3223 sunt,
492 3139 538 3202 ita
560 3142 669 3204 tamen
690 3143 727 3204 ut
749 3140 803 3224 qui
825 3141 993 3224 negaverit
1020 3163 1054 3205 se
1079 3140 1302 3208 Christianum
1330 3165 1394 3210 esse

202 3241 297 3324 idque
318 3262 353 3304 re
375 3241 445 3324 ipsa
467 3242 674 3306 manifestum
695 3241 819 3325 fecerit,
843 3242 876 3305 id
898 3246 947 3306 est
964 3243 1174 3327 supplicando
1196 3245 1245 3311 dis
1267 3246 1392 3328 nostris,

204 3342 347 3426 quamvis
363 3346 528 3427 suspectus
543 3343 577 3407 in
592 3344 812 3428 praeteritum,
835 3345 963 3408 veniam
974 3366 1013 3409 ex
1022 3348 1224 3429 paenitentia
1235 3348 1392 3433 impetret.

204 3444 274 3508 sine
297 3447 426 3508 auctore
448 3467 522 3510 vero
544 3447 700 3529 propositi
721 3445 823 3510 libelli
845 3454 876 3510 r’n
898 3446 987 3511 nullo
1003 3448 1135 3513 oriniine
1157 3447 1264 3513 locum
1278 3450 1393 3514 habere

204 3546 331 3611 debent.
362 3569 439 3611 narn
462 3551 494 3612 et
515 3548 644 3632 pessimi
667 3549 804 3633 exempli
825 3570 886 3613 nec
908 3550 1009 3614 nostri
1031 3550 1149 3616 saeculi
1173 3555 1252 3630 est„
1402 3566 1423 3605 ³⁰

272 3844 288 3890 3
307 3855 453 3904 rursusque
472 3840 588 3890 coeundi
607 3841 641 3891 ad
659 3854 676 3889 a
693 3855 840 3905 rursusque
859 3841 893 3890 ad
910 3843 933 3890 A
1003 3844 1019 3891 4
1037 3842 1142 3894 desisse
1161 3858 1179 3893 a
1197 3843 1316 3897 desiisse
1333 3846 1356 3894 A

205 3912 220 3958 5
239 3905 458 3959 etaeries*esse
477 3924 493 3958 a
512 3912 540 3957 et
559 3924 656 3958 caerae
675 3924 735 3959 esee
754 3910 777 3957 A
863 3913 877 3960 7
896 3925 1037 3975 quaerere.
1056 3910 1106 3960 sed
1123 3912 1195 3961 nihil
1214 3928 1231 3961 a
1300 3915 1316 3963 8
1335 3929 1391 3978 pra-

203 3993 266 4026 uam
287 3982 315 4026 et
332 3976 505 4026 immodicam
523 3992 540 4025 a
586 3977 737 4040 9ideoque
756 3975 843 4026 dilata
861 3993 878 4026 a
930 3978 1071 4029 decucurri
1091 3980 1236 4031 Coronaeus
1255 3997 1271 4031 a
1290 3981 1392 4032 decurri

204 4045 227 4093 A
296 4048 434 4110 luneque
454 4046 526 4094 enim
545 4045 710 4095 ciuitatesa
763 4047 795 4094 14
814 4047 915 4110 corripi
933 4046 959 4095 Ι.
977 4047 1007 4095 F.
1029 4048 1170 4098 Gronovius
1228 4051 1260 4098 16
1279 4055 1391 4115 pastum-

205 4128 256 4176 que
275 4114 371 4163 ueuire
389 4114 561 4162 uictimarum
581 4114 659 4163 ouius
676 4112 823 4163 Beroaldus
841 4129 1007 4179 passumque
1030 4115 1125 4166 uenire
1144 4117 1333 4168 uictimarum:
1352 4133 1393 4167 cu·

204 4182 247 4229 ius
264 4182 287 4229 A
308 4182 466 4247 passimque
486 4181 580 4231 uenire
599 4182 743 4243 uictimas,
764 4196 879 4245 quarum
897 4196 914 4230 a

272 4249 375 4300 XCVII
394 4252 427 4300 25
445 4249 607 4299 deferantur
624 4262 640 4298 a
657 4248 827 4298 deferrentur
846 4251 989 4301 Coronaeus
1010 4250 1168 4301 delerentur
1185 4256 1208 4303 A
1290 4257 1327 4305 ¹27
1344 4254 1394 4304 diis

205 4318 227 4364 A
280 4366 281 4369 ,
329 4320 362 4367 28
389 4319 418 4366 in
444 4318 624 4382 praeteritum
644 4318 727 4366 fuerit
744 4318 854 4367 ueniam
873 4334 890 4367 a
1008 4323 1041 4370 29
1059 4321 1088 4368 in
1106 4320 1182 4372 nullo
1203 4323 1343 4388 Gieripr'us:
1368 4324 1393 4372 in

205 4401 251 4436 om.
269 4386 292 4433 A
