3024 5062
329 248 573 298 rrrsromauu
588 250 663 298 vrri.
682 247 721 295 15.
740 247 778 296 ro.
796 247 834 296 17.
852 249 890 295 rs.
907 245 941 311 (a.
959 248 1015 296 ros.
1033 245 1091 311 100)
1243 237 1307 300 220

115 403 251 466 sioribus
274 403 352 487 ripis
375 403 439 467 alte
462 403 715 486 superfunditur:
744 426 935 488 quamquam
957 405 1058 488 fossa,
1087 427 1182 489 quam
1204 406 1336 488 provi-2

114 504 319 569 (lentissimus
346 505 520 588 imperator
548 504 642 589 feeit,
672 505 858 588 exhaustus,
887 506 1003 590 premit
1031 507 1147 587 valles,
1179 508 1308 570 innatat

116 606 252 690 eampis,
276 627 399 690 quaque
415 607 547 690 planum
563 607 679 690 solum,
695 629 753 691 000
769 607 835 670 0010
852 607 1003 671 00001000.
1041 607 1116 671 inde
1131 630 1212 692 quae
1228 609 1320 672 solet¹

113 698 247 771 flumina
270 708 414 792 aeeipere
437 712 469 772 et
483 710 643 792 permixta
658 710 811 773 devehere
832 708 919 772 velut
941 709 1052 773 obvius
1081 710 1192 772 sistere
1221 711 1308 793 cogit

86 813 209 894 satque
230 810 277 873 ita
298 809 412 873 alienis
434 810 523 895 aquis
538 810 642 894 operit
665 832 769 895 agros,
793 831 871 893 quos
894 811 962 893 ipse
981 832 1046 873 non
1068 794 1193 895 tangit..
1210 811 1337 894 Ani0,3

114 909 358 983 delicatissimus
381 912 523 975 amnium
546 912 679 996 ideoque
702 912 923 976 adiacentibus
938 910 1022 975 villis
1044 913 1131 975 velut
1153 913 1308 976 invitatus

112 1015 335 1096 retentusque,
370 1035 489 1098 magna
519 1036 557 1077 ex
585 1016 678 1097 parte
705 1035 852 1096 nemora,
889 1013 1002 1097 quibus
1030 1013 1246 1097 inumbratur,
1276 1019 1308 1077 et

112 1115 213 1199 fregit
241 1117 274 1178 et
300 1116 422 1198 rapuit:
451 1115 576 1178 subruit
602 1118 727 1179 montes
756 1117 788 1178 et
816 1114 1030 1178 decidentium
1052 1116 1135 1178 mole
1163 1115 1308 1197 pluribus

113 1217 193 1280 loeis
225 1216 368 1300 clausus,
398 1217 472 1280 dum
502 1217 653 1280 amissum
681 1216 742 1279 iter
770 1216 910 1300 quaerit,
945 1216 1073 1300 impulit
1100 1221 1187 1280 00000
1215 1212 1253 1280 00
1275 1240 1308 1280 00

74 1334 102 1371 10
113 1338 209 1401 super
235 1318 346 1380 ruinas
374 1318 479 1381 evexit
512 1321 607 1402 atque
636 1318 760 1381 extulit.
802 1318 949 1381 viderunt
977 1339 1054 1400 quos
1084 1318 1338 1382 excelsioribus4

112 1419 210 1486 terris
230 1419 286 1482 illa
308 1422 482 1502 tempestas
498 1418 707 1502 deprehendit
729 1419 806 1482 alibi
829 1418 963 1482 divitum
987 1422 1160 1501 apparatus
1183 1424 1215 1484 et
1236 1442 1309 1504 gra-

113 1543 184 1584 vem
200 1507 445 1604 supellectilem,
468 1520 546 1584 alibi
560 1522 775 1585 instrumenta
792 1521 890 1600 ruris,
913 1516 957 1583 ib'r
973 1521 1068 1584 boves
1084 1524 1189 1584 aratra
1210 1524 1309 1585 00000-

72 1616 79 1638 “
112 1643 181 1705 000,
218 1621 272 1686 hie
302 1622 407 1685 soluta
436 1624 468 1685 et
494 1622 595 1685 libera
630 1624 775 1686 armenta
813 1625 908 1706 atque
936 1623 1021 1685 inter
1052 1623 1132 1686 haee
1161 1623 1309 1686 arborum

112 1727 245 1789 truncos
268 1727 325 1787 aut
339 1723 486 1786 villarum
506 1724 614 1787 trabes
639 1727 735 1808 atque
757 1723 897 1787 eulmina
926 1725 1013 1787 varie
1035 1725 1161 1809 lateque
1183 1724 1309 1788 fluitan-

70 1844 98 1882 15
112 1827 169 1890 tia.
205 1846 243 1888 ae
258 1847 299 1888 ne
321 1824 377 1888 illa
392 1825 519 1910 quidem
541 1825 612 1888 1000
632 1825 716 1888 malo
732 1829 939 1907 vacaverunt,
963 1826 1002 1888 ad
1018 1847 1099 1909 quae
1114 1848 1179 1889 non
1202 1829 1339 1890 ascen-5

112 1927 161 1991 dit
190 1927 306 1991 amnis,
346 1949 422 1991 nam
449 1948 515 2010 pro¹
536 1948 631 1990 amne
659 1927 761 1990 imber
790 1927 939 1991 adsiduus
963 1931 996 1990 et
1018 1928 1148 1991 deiectis
1171 1929 1309 1992 nubibus

111 2029 274 2112 turbines,
290 2031 423 2113 proruta
439 2050 551 2112 opera,
568 2028 682 2112 quibus
697 2029 836 2112 pretiosa
852 2050 927 2092 rura
943 2029 1135 2113 cinguntur,
1159 2033 1309 2112 quassata

113 2134 209 2215 atque
232 2131 330 2195 etiam
353 2131 485 2194 decussa
511 2131 718 2194 monimenta.
756 2131 848 2194 multi
877 2131 944 2193 eius
966 2130 1051 2192 modi
1074 2131 1200 2194 casibus
1223 2131 1309 2195 debi-

112 2233 198 2296 litati
226 2232 333 2296 obruti
361 2232 472 2296 obtriti
511 2235 544 2295 et
570 2235 664 2296 00000
692 2232 829 2295 luctibus
858 2232 984 2295 damna.
1033 2254 1074 2295 ne
1102 2232 1178 2316 quid
1206 2232 1337 2296 similet

66 2356 98 2395 ao
112 2334 187 2398 istie
209 2327 268 2418 pro
284 2356 433 2399 mensura
455 2334 589 2417 periculi
604 2355 715 2397 vereor
736 2337 830 2417 teque
852 2356 946 2418 roge,
970 2335 996 2397 si
1011 2334 1093 2397 nihil
1115 2334 1190 2417 tale,
1215 2356 1309 2417 quam

113 2435 328 2500 maturissime
351 2435 558 2499 sollicitudini
587 2457 676 2498 meae
701 2436 863 2518 consulas,
892 2436 961 2499 sed·
970 2439 1003 2498 et
1025 2437 1051 2498 si
1073 2435 1137 2499 tale
1143 2486 1152 2518 ,
1180 2436 1212 2499 id
1235 2457 1309 2519 quo-

113 2560 174 2622 que
189 2538 329 2601 nunties.
361 2559 436 2600 nam
451 2537 618 2620 parvulum
643 2537 764 2622 differt,
780 2538 913 2622 patiaris
935 2538 1067 2601 adverse
1082 2559 1124 2600 an
1146 2539 1309 2620 expectes3

113 2639 177 2705 nisi
205 2639 289 2724 quod
316 2642 426 2702 tamen
455 2641 504 2702 est
531 2637 659 2702 dolendi
687 2639 814 2723 modus,
850 2661 915 2702 non
944 2641 993 2701 est
1020 2639 1164 2702 timendi.
1203 2639 1309 2701 doleas

113 2743 202 2806 enim
212 2744 369 2826 quantum
380 2741 463 2804 scias
475 2740 638 2825 accidisse,
650 2741 765 2804 timeas
774 2743 930 2824 quantum
940 2740 1043 2823 possit
1054 2739 1206 2804 accidere.
1230 2740 1306 2804 vale.

654 2907 775 2974 suu.
1075 2953 1094 2991 ,

466 3031 497 3083 Ο.
515 3030 664 3083 PLINIUS
683 3031 822 3082 RUFINO
842 3031 911 3083 SUO
931 3033 957 3082 S.

199 3145 329 3211 Falsum
352 3151 401 3211 est
422 3148 573 3211 nimirum
589 3148 672 3231 quod
696 3148 835 3213 ereditur
857 3148 953 3232 vulgo
960 3198 968 3231 ,
992 3152 1187 3212 testamenta
1208 3148 1334 3213 homi-l

112 3272 192 3315 num
215 3249 379 3333 speculum
405 3270 473 3313 esse
494 3270 633 3332 morum,
665 3271 735 3313 eum
757 3249 919 3314 Domitius
941 3250 1051 3314 Tullus
1079 3251 1176 3334 longe
1198 3251 1310 3314 melior

112 3351 301 3436 apparuerit
315 3353 416 3414 morte
431 3371 526 3434 quam
542 3351 618 3414 vita.
649 3373 726 3414 uam
742 3374 813 3415 eum
836 3373 870 3415 se
886 3353 1079 3435 captandum
1101 3352 1339 3435 praebuisset?

64 3488 96 3525 30
112 3453 246 3537 reliquit
272 3452 372 3515 filiam
399 3451 563 3535 heredem,
598 3474 677 3536 quae
703 3453 752 3516 illi
780 3474 852 3517 eum
879 3452 980 3517 fratre
1009 3454 1200 3537 communie,
1235 3455 1309 3538 quie

112 3557 260 3640 genitam
282 3554 382 3618 fratre
405 3554 623 3637 adoptaverat.
660 3558 847 3638 prosecutus
869 3559 918 3618 est
940 3558 1073 3639 nepotes
1094 3555 1241 3639 plurimis
1262 3556 1308 3618 iu·

113 3657 381 3741 eundissimisque
403 3656 535 3740 legatis,
558 3658 744 3739 prosecutus
768 3657 864 3720 etiam
887 3661 1088 3741 proneptem.
1125 3657 1159 3720 in
1187 3679 1309 3720 summa

113 3759 225 3824 omnia
240 3758 361 3843 pietate
381 3757 584 3842 plenissima,
609 3779 646 3822 00
668 3760 761 3822 tanto
782 3760 901 3843 magis,
925 3760 1075 3843 quoniam
1104 3759 1310 3842 inexpectata
1375 3790 1379 3799 ·

182 4033 237 4084 XII
255 4036 272 4083 4
289 4028 398 4098 sistere]
418 4036 491 4082 retro
509 4047 526 4081 0
578 4028 696 4098 trinio]
717 4039 781 4083 0000
800 4036 835 4097 Μ,
854 4036 919 4084 unde
937 4033 1027 4083 Anien
1045 4034 1153 4082 eoniees't
1172 4032 1275 4082 Corsiae

113 4097 232 4168 6villis]
253 4101 311 4152 illis
329 4102 356 4149 li
408 4101 615 4151 'linumbratur
628 4105 655 4149 et
674 4101 791 4166 fregite
809 4102 949 4151 umbratur
968 4102 1053 4165 fregit
1070 4101 1097 4148 li
1166 4103 1198 4150 10
1217 4101 1311 4149 euexit

112 4185 131 4219 0
149 4170 235 4220 010010
256 4171 284 4217 Η
326 4168 457 4218 uiderunt
474 4168 504 4217 hi
524 4184 590 4233 quos
609 4196 640 4202 —
659 4172 812 4234 tempestas
830 4185 885 4218 non
904 4168 1084 4233 deprehendit
1100 4183 1117 4216 s
1170 4170 1200 4217 13
1219 4167 1308 4231 adque

110 4240 140 4287 1
195 4239 227 4287 14
246 4239 329 4302 st‘que
348 4235 468 4286 eulmina
487 4253 533 4286 om.
553 4237 662 4294 100001.
678 4250 695 4283 0
748 4238 825 4287 lbne
849 4237 897 4286 illa
916 4237 1021 4300 quidem
1046 4236 1119 4284 mala
1137 4240 1310 4285 uaeauerunt

113 4321 169 4371 que
187 4307 215 4353 Η
302 4305 334 4354 16
352 4304 454 4354 deieeti
471 4320 487 4352 0
558 4307 589 4354 18
607 4303 696 4369 adque
715 4306 742 4351 Μ
818 4307 851 4355 20
868 4305 937 4354 nihil
954 4305 1011 4354 tale
1031 4309 1074 4353 est
1093 4319 1173 4367 quam
1191 4316 1208 4351 0
1276 4306 1309 4352 22

112 4366 272 4440 paruulum]
294 4371 406 4436 paulum
424 4374 451 4419 11
519 4375 553 4422 24
571 4373 632 4424 vale
651 4389 698 4426 om,
717 4371 744 4419 n
1056 4354 1066 4380 ’

182 4441 277 4492 XVIII
295 4442 328 4490 32
346 4440 429 4490 etism
448 4446 626 4506 pronepotem
645 4456 662 4489 0
741 4443 774 4492 33
792 4441 881 4505 magis
900 4443 1062 4505 exspectata
1080 4441 1107 4486 li
1125 4440 1214 4504 magis
1233 4439 1309 4489 inex·

111 4513 244 4577 00000000
262 4509 364 4560 Cortius

166 4593 235 4633 Pom
247 4601 320 4633 srrsr.
333 4601 370 4633 su.
383 4592 450 4632 Ksm.
1074 4609 1106 4658 15
