3024 5062
218 299 258 367 08
741 308 770 363 o.
795 286 892 363 sirm

219 471 333 536 studiis
355 473 482 554 tempus
505 451 656 553 eriperet3
679 491 742 554 qua
765 491 804 533 ex
827 490 922 533 causa
937 468 1059 532 Romae
1079 489 1202 551 quoque
1218 462 1296 530 sella
1318 460 1410 530 vehe-

170 575 208 639 16
219 575 322 638 batur.
358 575 468 657 repeto
501 593 552 635 me
586 566 766 655 correptum
800 571 840 635 ab
869 592 906 635 eo
935 592 990 634 cur
1019 570 1230 634 ambularem:
1258 572 1409 653 ‘poteras'

218 676 323 760 inquit
344 675 414 738 ‘has
436 675 532 738 horas
554 694 620 738 non
642 673 803 757 perdere’3
830 695 908 737 nam
929 672 1033 757 perire
1055 694 1149 736 omne
1178 674 1303 756 tempus
1327 669 1411 735 arbi-

169 779 207 841 17
217 777 375 861 trabatur,
398 776 481 860 quod
504 776 617 840 studiis
640 796 706 839 non
727 774 965 859 inpenderetur.
995 774 1056 839 hac
1076 775 1257 838 intentione
1278 776 1327 837 tot
1349 773 1412 837 isia

127 924 134 933 -
217 879 380 944 volumina
400 878 526 962 peregit
549 877 784 961 electorumque
813 876 1057 941 commentarios
1085 879 1212 940 centurn
1241 875 1437 960 sexaginta⁵

153 974 156 981 ’
217 980 297 1045 mihi
324 979 469 1064 reliquit,
505 961 775 1064 opisthographos
795 979 928 1063 ‚quidem
956 982 989 1042 et
1016 978 1229 1042 minutissime
1259 977 1411 1060 scriptos3
1490 1023 1496 1027 -

219 1095 281 1166 qua
303 1082 427 1145 ratione
457 1080 692 1164 multiplicatur
718 1079 772 1144 hic
800 1102 962 1144 numerus.
998 1080 1158 1145 referebat
1179 1080 1248 1164 ipse
1270 1077 1412 1163 potuisse

218 1181 262 1268 se,
278 1206 350 1248 cum
365 1185 551 1267 procuraret
565 1183 600 1247 in
615 1181 786 1266 Hispania,
808 1184 945 1246 vendere
960 1182 1019 1247 hos
1035 1182 1278 1246 commentarios
1293 1180 1411 1266 Largio

218 1285 331 1350 Licino
360 1284 605 1368 quadringentis
628 1284 756 1348 milibus
778 1306 961 1368 nummum,
991 1286 1023 1348 et
1045 1287 1123 1348 tunc
1146 1284 1312 1368 aliquanto
1333 1304 1412 1366 pau-

171 1388 319 1452 maiores
354 1388 458 1451 erant.
500 1406 608 1450 nonne
640 1387 766 1450 uidetur
792 1385 852 1450 tibi
880 1386 1063 1450 recordanti
1095 1388 1249 1470 quantum
1282 1384 1408 1469 legerit,
1426 1397 1451 1436 10

170 1466 182 1489 ..
220 1492 374 1574 quantum
398 1487 571 1571 scripserit,
596 1487 712 1551 necin
734 1487 849 1551 officiis
865 1487 938 1551 ullis
960 1487 1078 1552 necin
1100 1487 1241 1552 amicitia
1255 1486 1411 1570 principis

219 1590 329 1675 fuisse,
359 1611 484 1673 rursus,
520 1610 597 1652 cum
620 1589 710 1652 audis
737 1588 812 1673 quid
840 1589 953 1653 studiis
981 1589 1100 1653 laboris
1122 1589 1320 1672 inpenderit,
1350 1609 1411 1652 nec

220 1693 385 1776 scripsisse
413 1690 491 1755 satis
520 1712 581 1755 nec
608 1689 749 1775 legisse?
783 1690 934 1774 quidest
957 1691 1042 1754 enim
1065 1690 1148 1774 quod
1169 1712 1236 1755 non
1258 1693 1314 1754 aut
1335 1689 1411 1752 illae

219 1793 446 1877 occupationes
476 1792 621 1876 inpedire
654 1795 710 1855 aut
737 1791 817 1856 haec
848 1793 1005 1856 instantia
1031 1813 1097 1856 non
1126 1792 1228 1877 possit
1260 1789 1412 1856 efficere?

171 1895 327 1978 l9itaque
350 1893 435 1957 soleo
456 1894 576 1977 ridere,
607 1915 678 1958 cum
699 1917 751 1958 me
773 1893 901 1978 quidam
924 1893 1099 1958 studiosum
1121 1897 1255 1977 vocant,
1284 1893 1355 1977 qui,
1384 1891 1411 1955 si
1427 1905 1450 1945 15
1506 1920 1507 1925 ¹

221 2017 386 2080 comparer
400 1993 459 2077 illi,
482 2016 551 2057 sum
567 1994 843 2060 desidiosissimus.
875 2017 934 2080 ego
950 1999 1058 2060 autem
1073 1998 1209 2080 tantum,
1231 2016 1326 2079 quem
1340 2015 1413 2077 par-

219 2098 278 2161 tim
300 2096 429 2181 publica
456 2096 572 2179 partim
603 2097 777 2161 amicorum
805 2097 912 2162 officia
935 2095 1158 2182 distringunt?
1187 2097 1257 2181 quis
1280 2095 1413 2161 existis

220 2199 275 2283 qui
303 2201 372 2262 tota
399 2198 467 2262 vita
490 2198 605 2262 litteris
634 2197 781 2264 adsident
804 2198 938 2263 collatus
964 2198 1012 2262 illi
1039 2219 1105 2262 non
1133 2199 1223 2283 quasi
1246 2219 1359 2263 somno
1381 2199 1414 2261 et

170 2303 212 2366 20
221 2293 357 2363 inertiae
379 2298 505 2364 deditus
528 2299 718 2364 erubescat?
755 2301 884 2365 extendi
912 2299 1097 2384 epistulam,
1128 2321 1199 2365 cum
1227 2299 1288 2365 hoc
1310 2298 1413 2363 solum

220 2401 303 2485 quod
336 2401 520 2485 requirebas
554 2401 693 2466 scribere
725 2402 951 2485 destinassem,
983 2423 1061 2486 quos
1089 2401 1187 2466 libros
1215 2400 1412 2485 reliquisset:
1427 2415 1452 2455 2⁰

221 2503 344 2567 confido
373 2506 480 2565 tamen
509 2502 589 2567 haec
617 2525 741 2587 quoque
768 2504 829 2568 tibi
856 2525 923 2568 non
951 2503 1057 2568 minus
1085 2506 1179 2589 grata
1208 2524 1303 2586 quam
1326 2502 1413 2586 ipsos

219 2604 317 2685 libros
339 2604 465 2688 futura,
490 2625 571 2687 quae
592 2608 625 2669 te
646 2626 713 2668 non
727 2608 856 2669 tantum
879 2604 919 2669 ad
941 2604 1093 2690 legendos
1116 2626 1168 2669 eos
1183 2626 1294 2669 verum
1316 2604 1414 2668 etiam

220 2707 259 2770 ad
282 2704 386 2769 simile
409 2705 528 2788 aliquid
551 2705 779 2770 elaborandum
800 2710 937 2792 possunt
958 2707 1181 2772 aemulationis
1203 2705 1341 2771 stimulis
1362 2728 1414 2771 ex·

221 2807 330 2872 citare.
361 2806 441 2871 vale.
966 2895 967 2898 Ἴ

787 2910 844 2976 VI.
1426 2940 1452 2980 as

508 3029 537 3083 O.
555 3031 701 3084 PLINIUS
720 3033 833 3084 ANNIO
853 3032 993 3083 SEVERO
1012 3033 1083 3085 SUO
1102 3034 1129 3084 S.

197 3153 206 3214 1
308 3146 358 3211 Ex
387 3145 565 3210 hereditate
593 3169 673 3231 quae
701 3147 780 3211 mihi
803 3124 933 3213 olivenit
948 3133 1023 3213 'emi
1045 3150 1188 3234 proxime
1211 3148 1413 3215 Corinthium

222 3248 361 3333 signum,
383 3248 542 3312 modicum
564 3249 702 3333 quidem,
726 3250 780 3314 sed
802 3249 952 3314 festivum
975 3254 1008 3315 et
1030 3273 1231 3335 expressum,
1256 3255 1414 3336 quantum

291 3408 304 3454 1
324 3404 423 3454 studiis
441 3403 566 3454 Gellarius
584 3405 669 3455 studii
686 3406 856 3467 HVFDpra
925 3422 1031 3472 quoque
1050 3409 1130 3460 onai>
1207 3409 1354 3472 2poteras
1373 3407 1414 3457 in·

222 3473 286 3538 quid
305 3489 359 3523 non
377 3472 490 3538 perdere
510 3474 600 3537 perire
620 3474 692 3523 enim
711 3473 899 3524 arbitrabatur
922 3476 986 3542 quia
1011 3475 1075 3540 quid
1092 3475 1192 3526 studiis
1209 3491 1264 3526 non
1281 3475 1413 3541 inpende-

823 3556 841 3589 n

222 3596 298 3641 retur
314 3592 337 3639 V
355 3595 466 3655 poteras
484 3591 579 3656 inquid
597 3591 678 3642 horas
696 3608 749 3642 non
767 3593 946 3658 inpedcretur
963 3595 991 3643 n
1058 3597 1075 3644 4
1092 3596 1273 3660 inpertiretur
1290 3596 1372 3657 Fpra

222 3662 237 3709 6
256 3659 322 3708 mihi
340 3675 386 3712 cnr.
405 3672 421 3720 p
499 3660 680 3710 minutissime
699 3662 795 3715 Hvrs
813 3663 1004 3712 minutissimis
1022 3665 1068 3711 FB
1087 3665 1209 3716 Hiecard.
1226 3678 1264 3726 pa
1334 3665 1348 3713 7
1366 3679 1414 3728 po-

221 3728 307 3777 tuisse
327 3742 356 3776 se
367 3744 422 3777 om.
440 3727 461 3774 F
546 3730 562 3778 8
580 3744 610 3780 se
629 3743 690 3777 cunr
707 3727 877 3795 procuraret]
895 3745 986 3779 secum
1004 3731 1121 3795 probare
1139 3732 1162 3779 V
1247 3731 1367 3781 uendere
1385 3731 1417 3780 in

221 3795 359 3859 Hispania
377 3809 390 3842 r
475 3794 564 3860 largio
582 3796 662 3856 HVJ)
681 3796 803 3855 siccare,
821 3811 839 3854 ς
856 3797 938 3846 lartio
956 3798 999 3846 ra
1020 3799 1120 3849 Larcio
1138 3813 1154 3861 p
1172 3799 1286 3849 Laertio
1303 3811 1318 3847 1·
1398 3801 1413 3848 9

222 3879 304 3929 licino
323 3880 378 3927 HV
395 3878 490 3928 licinio
508 3881 554 3929 FB
573 3881 693 3933 Riecard.
712 3893 769 3941 pra
859 3882 950 3932 CCCC
970 3884 1145 3933 nummumli
1231 3885 1261 3932 11
1281 3887 1413 3948 quantum

206 3947 366 4012 'scripserit
384 3963 429 3997 om.
449 3949 503 3996 HV
587 3948 616 3997 in
635 3948 796 4016 anamicitia
813 3950 840 3998 1
942 3952 1098 4016 principum
1118 3952 1262 4001 Celaeneus
1279 3966 1296 4000 a
1382 3953 1413 3999 12

223 4015 286 4079 quid
305 4014 457 4064 officiorum
475 4015 574 4066 studiis
591 4031 608 4065 a
697 4032 749 4066 nec
774 4020 864 4081 priore
882 4023 938 4068 loco
956 4033 1033 4068 onar
1119 4021 1238 4069 issatis
1257 4019 1413 4084 neglegisse

223 4084 245 4130 V
299 4087 346 4131 aut
363 4083 430 4132 illae
449 4084 544 4138 Ήτς
563 4089 611 4134 aut
628 4083 677 4134 ille
690 4085 732 4132 Fa
751 4085 891 4134 autillan
906 4087 963 4135 alia
982 4091 1063 4148 autp
1118 4076 1148 4137 1'5
1162 4083 1287 4152 qnidam]
1303 4086 1412 4150 quidem

223 4151 278 4198 1111
347 4153 394 4215 qui
412 4148 445 4216 si]
465 4153 544 4216 quasi
562 4153 583 4199 F
600 4151 721 4202 discurri.
792 4155 824 4202 16
842 4155 943 4218 partim
966 4155 1182 4217 publicamini)
1271 4156 1300 4205 17
1320 4154 1414 4205 officia

224 4219 372 4268 amicorum
390 4220 470 4280 Epr*
541 4222 571 4269 19
590 4220 738 4282 extendep
808 4237 868 4270 oum
886 4221 938 4272 hoe
956 4223 1002 4270 Pl)
1022 4223 1143 4274 Rieeord.
1162 4236 1199 4270 ra
1220 4224 1345 4288 quamuis
1363 4223 1414 4272 hoc

204 4288 300 4341 ,va
336 4308 337 4312 ¹
368 4289 400 4335 21
418 4287 470 4336 tibi
488 4301 568 4338 oru.r
635 4303 689 4336 nou
708 4289 795 4342 omli
864 4287 950 4355 ipsos]
971 4290 1065 4340 illosr
1133 4293 1166 4340 24
1183 4289 1247 4340 vale
1265 4307 1312 4344 om,
1330 4292 1353 4339 n

290 4354 328 4406 VI
345 4356 378 4403 26
395 4354 508 4406 ANNIO
527 4371 574 4405 om.
597 4357 779 4417 HVFDpra:
809 4359 849 4406 ‘ia
875 4360 959 4408 indice
985 4361 1150 4422 epistolarum
1176 4359 1240 4408 libro
1260 4359 1313 4408 III
1336 4375 1414 4423 prue-

222 4423 296 4471 misso
323 4423 509 4473 Riceardiuuus
526 4424 643 4473 Annium
668 4425 797 4474 Severum
824 4433 909 4486 coeat,
935 4429 1028 4491 illoque
1054 4428 1151 4477 nomine
1177 4427 1296 4477 Severum
1324 4429 1414 4478 iterum

223 4497 298 4538 ornat
316 4489 358 4539 iit.
382 4491 410 4539 V
422 4496 497 4555 epist.
518 4495 541 4540 1.
566 4495 590 4541 in
613 4494 670 4558 ipso
692 4502 773 4544 autem
797 4499 917 4545 contextu
939 4495 989 4544 iliis
1011 4495 1161 4546 nienitrunis
1183 4512 1232 4547 secr
1256 4497 1380 4562 epistolae
1397 4512 1413 4545 o

228 4558 268 4608 Vl
287 4560 322 4608 cei
340 4558 383 4607 XI
400 4559 507 4609 desunt’
