3024 5062
209 315 258 362 XX
699 316 907 364 PRAEFATIO.

209 471 767 550 666166166661166(6161666161)
778 471 965 550 profuturus
978 468 1002 533 f.
1019 469 1039 531 2
1056 473 1087 532 0.
1105 470 1271 530 CAECILI
1287 469 1406 530 PLINI

158 651 162 658 .
208 572 392 633 SECVNDI
414 573 545 634 EPIST.
569 575 649 635 LIB.
674 575 846 636 PRIMVS.
871 571 905 634 in
928 571 992 634 fine
1014 577 1196 650 Impressum
1213 572 1326 633 Romae
1342 589 1403 647 per

208 675 396 736 Eucherium
418 675 517 735 Sr'lber
539 678 617 736 ullus
639 677 766 738 Fruuclc
793 680 917 737 natione
938 679 1154 736 Alemuuuum:
1175 675 1268 735 Auno
1291 677 1406 735 domim

209 775 686 854 ,1666611111661
715 780 812 839 diem.
828 779 940 839 XIIII.
975 779 1178 838 Calendarum
1206 778 1331 851 Aprilis.
1367 773 1402 835 in

208 875 360 956 quattuor
391 875 503 958 primis
536 875 628 939 libris
661 876 856 961 Pomponius
888 877 1006 940 Laetus
1040 876 1179 940 codicem
1206 875 1402 938 Vaticanum

209 975 310 1059 3864,
343 976 426 1040 sicut
453 999 550 1060 supra
578 977 698 1042 dictum
728 982 792 1062 661,
829 978 984 1042 adhibuit.
1022 999 1096 1041 nam
1125 997 1340 1060 quaecumque
1367 975 1403 1038 in

209 1075 271 1140 hac
292 1081 385 1161 parte
408 1078 590 1142 emendavit
617 1079 664 1143 ita
692 1102 764 1144 cum
790 1081 847 1145 illo
870 1080 977 1144 codice
1000 1079 1222 1159 consentiunt,
1251 1080 1288 1141 ut
1315 1075 1403 1139 dubi·

208 1179 273 1242 tari
295 1183 434 1263 nequeat
456 1180 533 1264 quin
556 1203 593 1244 61
617 1202 654 1244 66
676 1182 779 1266 petita
800 1183 875 1247 sint.
914 1185 1009 1266 alque
1030 1180 1111 1245 haec
1134 1201 1228 1245 causa
1250 1179 1322 1261 fuit,
1348 1199 1404 1241 661

207 1280 234 1343 Ι.
257 1280 302 1344 M.
326 1279 547 1366 Heusingerus
568 1282 604 1346 in
620 1282 909 1347 ‘emendationibus
937 1283 1059 1366 aliquot
1086 1282 1226 1346 locorum
1248 1281 1283 1343 in
1305 1279 1403 1342 Plinii

213 1380 368 1466 epistolis'
392 1382 518 1447 Isenaci
556 1407 585 1448 a.
611 1385 693 1450 1739
726 1384 819 1449 editis
847 1387 921 1448 616
944 1384 983 1449 G.
1007 1383 1049 1448 H.
1072 1382 1244 1448 Schaefero
1272 1382 1306 1445 in
1339 1381 1403 1445 edi-

209 1483 298 1546 tione
321 1482 521 1548 Gesueriana
542 1487 688 1569 repetitis
711 1485 768 1570 (cf.
787 1485 913 1551 Schaef.
931 1485 1032 1570 praef.
1056 1509 1088 1570 p.
1105 1485 1194 1570 VII),
1220 1506 1291 1548 cum
1313 1485 1404 1566 quat·

208 1588 280 1649 tuor
301 1584 376 1648 libri
399 1584 496 1670 longe
512 1587 744 1651 emendatiores
767 1609 862 1671 quam
879 1592 974 1651 antea
987 1588 1176 1651 ferebantur
1191 1608 1210 1648 a
1224 1584 1404 1668 Pomponio

209 1686 308 1751 Laeto
331 1686 407 1750 editi
430 1690 554 1771 essent,
579 1689 647 1751 eius
670 1687 803 1753 editioni
825 1689 997 1772 plurimum
1020 1687 1221 1752 auctoritatis
1236 1686 1402 1749 tribueret.

208 1789 263 1852 sed
293 1788 374 1852 illud
406 1809 472 1852 non
501 1788 582 1853 vidit
608 1788 845 1874 Heusingerus,
879 1790 965 1854 hanc
997 1790 1245 1873 praestantiam,
1280 1807 1405 1871 quaea

208 1888 367 1953 Vaticano
396 1889 503 1953 codice
526 1889 661 1973 pendet,
696 1890 782 1954 ultra
809 1895 959 1975 quartum
991 1891 1108 1954 librum
1137 1912 1202 1954 non
1230 1890 1403 1973 pertinere.

208 2011 284 2055 nam
311 1991 346 2053 in
374 1991 581 2073 sequentibus
611 1992 700 2055 libris
727 1992 922 2076 Pomponius
951 1993 1070 2056 Laetus
1099 1992 1220 2075 priores
1249 1988 1404 2054 editiones

209 2095 242 2155 61
263 2092 401 2155 maxime
424 2090 730 2176 Schurenerianam,
761 2115 798 2156 61
827 2114 889 2176 666
911 2094 1016 2157 661611
1039 2093 1113 2156 libri
1137 2092 1293 2175 epistulae
1316 2113 1405 2174 repe-

208 2193 401 2276 titaesunt,
425 2197 551 2257 secutus
575 2197 633 2257 est.
670 2194 800 2258 tametsi
829 2196 863 2257 in
890 2195 939 2257 his
967 2216 1091 2278 quoque
1119 2193 1229 2277 paucis
1251 2193 1329 2256 locis
1353 2214 1404 2255 61-

208 2295 330 2359 hibitae
364 2298 439 2359 sunt
465 2295 620 2359 lectiones
628 2346 637 2377 ,
672 2318 753 2379 quae
785 2317 888 2380 neque
917 2317 955 2358 61
983 2297 1148 2379 impressis
1171 2294 1405 2378 exemplaribus

210 2396 261 2460 vel
283 2418 321 2460 ex
343 2395 529 2480 vulgaribus
551 2397 642 2461 libris
664 2419 762 2461 manu
785 2398 912 2481 scriptis
934 2398 1001 2480 peti
1024 2418 1127 2480 neque
1150 2397 1334 2460 coniectura
1356 2397 1405 2459 in-

208 2498 311 2564 veniri
333 2501 494 2582 poterant.
519 2501 606 2563 66116
621 2499 688 2562 6166
710 2499 757 2563 161
773 2500 918 2583 exempla
934 2501 1010 2562 sunt
1032 2498 1065 2561 in
1088 2499 1165 2561 noni
1177 2497 1251 2561 libri
1267 2498 1406 2580 epistula

208 2600 387 2683 tricesima,
411 2600 445 2663 in
467 2622 530 2684 qua
552 2622 627 2664 vera
650 2601 827 2684 scriptura,
858 2623 929 2664 cum
958 2602 1055 2663 antea·
1085 2599 1243 2663 erroribus
1266 2601 1298 2662 et
1320 2600 1405 2662 lacu·

209 2702 260 2766 nis
284 2704 433 2785 corrupta
456 2704 555 2784 esset,
586 2702 620 2765 in
648 2701 708 2765 hac
731 2703 887 2784 editione,
916 2703 999 2786 quod
1021 2703 1119 2766 6616111
1130 2751 1138 2783 ,
1168 2702 1306 2785 primum
1333 2707 1405 2783 pro-

209 2803 276 2867 lata
299 2806 348 2867 est
369 2825 401 2887 p.
418 2801 490 2884 259,
509 2804 562 2886 11;
588 2804 643 2886 14;
666 2803 716 2866 22.
741 2804 850 2866 eodem
867 2804 1032 2886 pertinent
1047 2825 1085 2865 61
1101 2823 1187 2865 nono
1209 2803 1291 2865 libro
1313 2800 1403 2884 haec,

209 2926 241 2987 p.
265 2904 338 2988 241,
363 2904 418 2988 14;
444 2905 493 2967 17.
517 2904 592 2987 248,
610 2904 640 2967 9.
664 2905 736 2986 265,
761 2904 791 2968 2.
815 2905 872 2968 261
881 2954 888 2985 ,
908 2906 956 2968 16.
980 2926 1055 2969 nam
1077 2904 1111 2966 in
1133 2904 1292 2987 prioribus
1314 2904 1405 2967 libris

210 3008 243 3069 61
264 3006 414 3088 pauciora
444 3008 476 3068 61
497 3007 602 3068 minus
627 3009 713 3069 66116
740 3006 937 3069 huiusmodi
967 3004 1110 3087 exempla
1132 3007 1223 3088 sunt3
1252 3026 1405 3069 memora·

210 3107 289 3171 bilia
311 3111 419 3170 tamen
443 3105 539 3189 haec,
563 3130 595 3190 p.
622 3108 693 3189 131,
717 3107 768 3171 23.
794 3106 864 3188 132,
888 3108 917 3169 7.
944 3104 1084 3187 142,10.
1111 3106 1182 3187 160,
1199 3107 1229 3169 3.
1256 3107 1327 3188 163,
1354 3109 1403 3171 11.

109 3216 114 3224 “
213 3207 833 3301 172,13.176,14.190,4..193,1.
867 3205 1110 3288 199,11.203,
1137 3206 1184 3270 18.
1219 3207 1404 3290 6661611161

211 3309 323 3372 melior
335 3309 432 3372 661161
449 3331 486 3371 61
504 3330 541 3372 eo
556 3309 780 3393 661161666οά
796 3308 889 3371 nobis
906 3306 1096 3370 Drasdensis
1112 3307 1193 3371 liber
1209 3310 1241 3371 et
1255 3309 1405 3392 princeps

211 3410 309 3475 editio
342 3413 602 3493 repraesentant,
642 3411 755 3474 editori
785 3413 916 3493 paratus
943 3409 1022 3492 fuit,
1052 3408 1084 3472 id
1123 3410 1206 3492 quod
1236 3409 1321 3473 616111
1354 3410 1406 3473 111

210 3515 331 3596 potest,
366 3511 553 3591 crediderim
581 3535 653 3576 66111
680 3512 860 3576 Romanam
889 3511 1078 3576 Schureneri
1115 3510 1286 3574 editionem
1317 3511 1406 3596 (narn

210 3612 290 3676 haec
317 3612 562 3676 fundamentum
589 3635 691 3678 novae
714 3613 863 3676 editionis
891 3612 967 3698 fuit)
997 3634 1013 3676 6
1042 3613 1164 3696 6611166,
1194 3634 1232 3675 61
1261 3634 1323 3696 666
1349 3613 1406 3677 1116

211 3712 437 3798 neglegentius
450 3736 599 3798 expressa
613 3715 730 3797 fuerat,
750 3714 939 3798 quibusdam
959 3713 1037 3777 locis
1054 3716 1229 3777 correctam
1244 3713 1405 3797 habuisse,

211 3815 401 3897 praesertim
430 3837 502 3878 cum
529 3815 564 3879 in
592 3819 705 3880 octavo
727 3838 850 3900 quoque
877 3816 959 3879 libro
988 3836 1090 3899 pauca
1114 3815 1296 3898 correxerit,
1325 3837 1406 3898 quae

216 3915 400 3980 coniectura
429 3917 544 4001 corrigi
577 3917 630 3981 111
658 3920 829 4000 poterant,
864 3940 896 4000 p.
925 3917 1004 3999 209,
1029 3918 1058 3980 9.
1082 3916 1159 3996 210,
1185 3916 1233 3979 14.
1256 3916 1329 3999 211,
1353 3917 1404 3980 29.

211 4017 284 4101 214,
308 4017 361 4081 20.
391 4017 464 4100 228,
491 4019 539 4082 17.
570 4019 625 4082 6611
653 4022 780 4102 praeter
809 4019 888 4082 haec
916 4017 1075 4102 permulta
1103 4018 1188 4080 haud
1216 4018 1309 4081 dubie
1338 4018 1407 4081 sine

211 4118 277 4182 ulla
298 4118 452 4183 librorum
474 4142 571 4183 manu
594 4120 783 4204 scriptorum
804 4121 866 4184 fide
893 4121 1041 4184 mutauit.
1070 4141 1167 4203 quare
1189 4119 1278 4182 nulla
1300 4123 1408 4184 aucto·

212 4221 291 4285 ritas
314 4221 342 4284 ei
365 4220 535 4285 tribuenda
558 4222 662 4286 estin
685 4222 724 4286 iis
747 4244 827 4307 quae
854 4223 964 4306 paucis
992 4221 1070 4285 locis
1091 4222 1127 4285 iu
1148 4221 1285 4304 propriis
1307 4221 1407 4286 horni-

211 4344 289 4386 num
311 4322 494 4387 nominibus
516 4324 663 4406 novavit,
697 4346 729 4407 p.
756 4324 870 4407 119,8
901 4330 1031 4388 Gratilla
1063 4344 1121 4406 pro
1152 4329 1255 4395 Galla
1292 4321 1409 4401 1224

212 4427 245 4486 0.
268 4429 426 4488 Lentulum
449 4447 507 4508 pro
530 4431 707 4498 1661111161·
742 4424 812 4503 163,
844 4426 883 4489 10
912 4430 943 4488 C.
967 4430 1125 4489 Homullus
1152 4445 1210 4506 pro
1231 4429 1407 4499 Homullus;

215 4525 285 4603 186,
310 4525 351 4590 25
375 4530 514 4591 Cornelio
529 4532 629 4592 Fusco
650 4548 709 4610 pro
730 4533 841 4592 Fusco.
