3024 5062
204 279 267 344 362
726 294 755 341 c.
778 295 873 342 rnnu

203 470 264 513 nus
290 448 407 513 mirum
434 447 559 513 videtur
586 447 669 532 quod
696 448 847 512 mortales
875 448 953 512 istos
977 448 1173 534 caducosque
1200 449 1314 515 titulos
1344 453 1401 515 aut

203 551 382 636 depreceris
405 554 462 615 aut
482 553 651 635 temperes.
690 550 753 614 scis
776 549 862 614 enim
877 550 931 615 ubi
953 572 1029 615 vera
1043 550 1217 635 principis,
1240 552 1294 617 ubi
1319 575 1400 618 sem·

203 653 331 738 piterna
353 653 397 717 rit
417 653 536 738 gloria,
559 652 614 716 ubi
637 651 703 717 sint
724 650 861 717 honores
882 651 918 716 in
933 673 1011 736 quos
1033 651 1116 717 nihil
1137 652 1292 738 flammis,
1316 655 1400 720 nihil

204 755 377 839 senectuti,
400 755 482 819 nihil
503 754 738 820 successoribus
759 753 866 819 liceat.
897 775 989 819 arcus
1011 754 1098 819 enim
1120 757 1153 819 et
1166 757 1302 839 statuas,
1326 779 1399 822 aras

204 857 303 922 etiam
323 856 506 942 templaque
528 856 698 922 demolitur
720 859 752 921 et
772 856 923 921 obscurat
951 855 1069 921 oblivio
1075 907 1084 942 ‚
1112 857 1260 943 neglegit
1282 859 1425 943 carpit-5

203 981 265 1044 que
286 959 473 1044 posteritas:
503 962 616 1025 contra
644 961 845 1043 contemptor
867 958 1053 1023 ambitionis
1082 962 1115 1024 et
1139 959 1288 1025 infinitae
1310 965 1399 1046 pote

204 1061 297 1125 statis
319 1060 456 1125 domitor
478 1063 511 1125 et
532 1060 677 1125 frenator
699 1061 824 1125 animus
845 1061 916 1144 ipsa
936 1063 1097 1126 vetustate
1119 1054 1261 1127 florescit
1281 1085 1343 1127 neo
1359 1063 1400 1127 ab

203 1162 277 1226 ullis
305 1163 410 1247 magis
437 1161 601 1246 laudatur,
634 1184 729 1247 quam
752 1162 866 1247 quibus
898 1163 1030 1228 minime
1062 1185 1192 1230 necesse
1224 1168 1284 1230 est.
1333 1187 1400 1230 non

205 1285 282 1349 ergo
314 1267 468 1349 perpetua
495 1263 636 1348 principi
667 1264 770 1347 fama,
805 1285 885 1349 quae
913 1264 1052 1330 invitum
1073 1269 1201 1346 manet,
1236 1266 1292 1331 sed
1315 1267 1400 1331 bona

205 1365 460 1450 concupiscenda
482 1368 545 1431 est:
568 1387 606 1430 ea
627 1386 723 1450 porro
744 1387 811 1430 non
832 1365 1029 1451 imaginibus
1051 1370 1084 1432 et
1105 1368 1236 1452 statuis,
1260 1369 1316 1433 sed
1338 1369 1399 1433 vir-
1414 1393 1437 1433 10
1457 1446 1459 1449 ι

203 1471 274 1532 tute
302 1490 340 1532 ac
367 1467 491 1532 meritis
517 1470 719 1552 prorogatur.
763 1467 841 1552 quin
869 1468 966 1533 etiam
992 1468 1114 1535 leviora
1141 1470 1237 1554 haec,
1262 1471 1400 1536 formam

203 1570 360 1654 principis
390 1570 604 1654 figuramque,
638 1590 705 1634 nou
733 1591 846 1634 aurum
873 1569 986 1636 melius
1019 1572 1070 1637 vel
1103 1575 1276 1658 argentum
1303 1596 1400 1658 quam

203 1671 294 1737 favor
321 1671 487 1735 hominum
516 1671 677 1756 exprimat
702 1674 887 1757 teneatque.
925 1673 1010 1757 quod
1036 1673 1165 1758 quidem
1193 1673 1317 1759 prolixe
1339 1676 1401 1741 tibi

205 1774 425 1858 cumulateque
449 1773 625 1858 contingit,
650 1774 739 1838 euius
760 1772 937 1840 laetissima
959 1775 1059 1840 facies
1082 1778 1115 1840 et
1129 1776 1278 1842 amabilis
1294 1777 1400 1842 vultus

204 1876 239 1941 in
262 1875 403 1940 omnium
427 1876 543 1941 civium
565 1897 618 1941 ore
641 1875 741 1941 oculis
764 1877 873 1941 animo
894 1877 1006 1942 sedet·
1414 1905 1437 1944 ra

153 1981 195 2047 56
290 1977 473 2042 Adnotasse
494 2000 550 2042 vos
573 1978 683 2062 credo,
706 1981 815 2064 patres
838 1978 1028 2063 conscripti,
1052 1979 1252 2044 iamdudum
1267 2003 1401 2047 menon

204 2080 324 2166 eligere
346 2101 428 2164 quae
450 2080 597 2146 referam.
635 2080 834 2165 propositum
856 2084 905 2146 est
927 2080 1013 2144 enim
1035 2080 1114 2146 mihi
1129 2081 1312 2167 principem
1333 2083 1401 2147 lau·

204 2183 296 2267 dare,
319 2204 386 2247 non
407 2182 563 2268 principis
584 2182 684 2248 facta.
715 2205 792 2247 nam
813 2182 987 2246 laudabilia
1008 2181 1111 2248 multa
1133 2183 1230 2248 etiam
1253 2184 1332 2249 mali
1353 2185 1401 2250 fa·

205 2286 309 2368 ciunt,
339 2285 408 2369 ipse
439 2283 562 2351 laudari
594 2284 659 2348 nisi
690 2284 829 2369 optimus
860 2306 927 2348 non
954 2286 1071 2369 potest.
1120 2306 1218 2369 quare
1245 2287 1401 2352 nonalia

204 2387 315 2471 maior,
339 2386 513 2471 imperator
535 2374 685 2472 auguste,
710 2385 814 2471 gloria
836 2388 902 2470 tua,
926 2409 1021 2472 quarn
1045 2387 1128 2471 quod
1143 2388 1319 2473 agentibus
1340 2390 1436 2457 tibia

205 2490 328 2575 gratias
349 2489 432 2553 nihil
453 2486 624 2552 velandum
646 2491 711 2570 est,
734 2487 816 2552 nihil
832 2489 1044 2553 omittendum
1060 2492 1118 2553 est.
1149 2490 1225 2574 quid
1249 2492 1300 2556 est
1314 2493 1402 2575 enirn

204 2592 239 2657 in
261 2591 445 2676 principatu
465 2593 539 2673 tuo,
563 2590 649 2675 quod
671 2589 857 2675 cuiusquam
872 2590 1067 2674 praedicatio
1089 2591 1145 2660 vel,
1161 2593 1328 2658 transilire
1352 2594 1400 2659 vel

204 2692 406 2779 praetervehi
427 2692 565 2757 debeat?
587 2693 669 2777 quod
692 2696 905 2776 momentum,
929 2692 1012 2777 quod
1029 2694 1127 2758 immo
1141 2695 1298 2780 temporis
1319 2718 1399 2781 pun-

205 2800 292 2883 ctum
325 2799 381 2861 aut
407 2795 563 2860 beneficio
595 2794 703 2859 sterile
725 2797 782 2859 aut
803 2816 939 2859 vacuum
960 2795 1079 2860 laude?
1111 2817 1177 2860 non
1199 2797 1310 2862 omnia
1333 2797 1400 2863 eius

204 2899 288 2963 modi
305 2902 341 2963 ut
356 2898 383 2962 is
398 2898 518 2982 optime
539 2900 573 2962 te
594 2896 739 2961 laudasse
753 2897 909 2981 videatur,
926 2898 981 2982 qui
995 2899 1177 2963 narraverit
1190 2898 1400 2966 fidelissime?
1410 2926 1433 2966 a

205 3023 267 3085 quo
287 3001 326 3065 fit
346 3003 384 3064 ut
406 3021 504 3085 prope
525 3000 561 3064 in
581 2999 772 3064 immensum
799 2999 998 3064 diffrmdatur
1024 2999 1126 3064 oratio
1152 3022 1241 3085 mea,
1272 3005 1306 3067 et
1327 3025 1398 3069 nec-

205 3102 280 3167 dum
301 3102 340 3167 de
368 3102 498 3167 biennio
525 3101 647 3186 loquor.
685 3123 781 3186 quam
808 3101 911 3167 multa
939 3102 1006 3167 dixi
1033 3102 1072 3167 de
1099 3103 1338 3189 moderatione,
1368 3108 1399 3170 ct

204 3207 325 3289 quanto
347 3205 439 3289 plura
462 3203 565 3268 adhuc
586 3205 726 3268 restant!
750 3208 787 3270 ut
808 3204 888 3269 illud
906 3205 991 3289 quod
1006 3204 1180 3270 secundum
1196 3206 1398 3272 consulatum

204 3307 373 3392 recepisti,
401 3306 475 3390 quia
496 3306 646 3391 princeps
670 3310 702 3371 et
723 3310 816 3392 pater
842 3306 1017 3373 deferebat.
1056 3310 1090 3371 at
1110 3310 1283 3392 postquam
1306 3309 1347 3373 ad
1366 3311 1397 3374 te

204 3409 331 3496 imperii
352 3430 509 3473 summam
532 3411 565 3472 et
586 3431 659 3473 oum
680 3408 823 3473 omnium
843 3429 950 3474 rerum
976 3413 1046 3474 tum
1068 3409 1165 3474 etiam
1186 3410 1235 3474 tui
1257 3413 1429 3495 potestas

204 3515 270 3576 tem
292 3511 325 3575 di
346 3511 598 3594 transtulerunt,
625 3510 757 3576 tertium
779 3511 981 3576 consulatum
1002 3513 1159 3577 recusasti
1165 3529 1180 3597 ,·
1206 3535 1280 3578 cum
1303 3533 1396 3599 agere

204 3737 406 3746 ————

271 3892 287 3939 2
306 3889 361 3939 scis
380 3889 452 3939 enim
471 3888 542 3953 quod
560 3888 607 3939 ubi
624 3902 690 3938 uera
707 3888 753 3937 Ad
820 3887 955 3953 principis
973 3903 1020 3941 om,
1033 3887 1104 3950 Acri,
1123 3888 1183 3941 cdd.
1203 3887 1248 3942 ac
1318 3892 1334 3940 3
1350 3888 1394 3939 uhi

205 3959 261 4007 sint
279 3970 295 4012 ς
313 3957 341 4007 hi
361 3962 423 4007 sunt
441 3957 503 4007 Bcd
520 3957 541 4006 ii
560 3956 662 4007 suntA
746 3956 763 4006 5
786 3955 931 4005 demolitur
948 3959 1039 4014 actas,
1059 3956 1191 4006 obscurat
1210 3956 1316 4008 oblivio
1335 3959 1393 4021 Lip-

203 4028 256 4076 sius
357 4024 508 4075 ldomitor
525 4040 558 4074 ac
575 4024 737 4075 frenatorB
831 4025 980 4074 {luccesse
998 4028 1048 4074 est.
1068 4027 1214 4088 praeterea
1231 4026 1393 4090 utquisque

206 4094 296 4143 factus
314 4097 357 4144 eat
374 4094 502 4158 princeps
520 4092 659 4158 exemplo,
678 4093 754 4142 sama
773 4090 924 4156 (prinecpa
951 4092 1088 4157 extemplo
1111 4092 1185 4142 sama
1204 4095 1314 4144 columae
1331 4095 1394 4144 ride·

204 4161 256 4225 tur)
283 4161 342 4211 eius
360 4162 494 4212 incertum
522 4161 595 4210 bona
614 4175 650 4210 an
667 4159 753 4220 mala,
781 4164 922 4211 caeterum
941 4165 1055 4210 aeterna
1073 4164 1122 4212 est.
1149 4175 1205 4210 non
1223 4177 1292 4227 crgo
1311 4162 1394 4226 Caspi·

205 4232 294 4280 cianus
362 4232 377 4280 9
396 4246 467 4295 quae
486 4229 513 4278 in
531 4229 629 4278 uitium
648 4233 739 4279 manet
755 4228 776 4277 B
857 4231 888 4278 11
908 4228 973 4293 quin
991 4229 1072 4278 etiam
1090 4228 1174 4278 Baed
1192 4244 1255 4279 cum
1274 4229 1393 4281 etiamh

274 4299 304 4346 14
323 4297 459 4363 contingit
475 4298 541 4347 ΔΜ
557 4297 675 4361 contigit
693 4296 728 4360 βο
797 4299 828 4347 17
846 4297 914 4346 mihi
937 4312 982 4346 ons.
1001 4297 1025 4345 Δ
1042 4313 1068 4345 m
1086 4298 1126 4347 acl
1143 4297 1207 4346 ina
1277 4300 1309 4348 21
1328 4297 1393 4348 nihil

204 4365 378 4417 omittendum
397 4367 461 4431 quid
480 4370 523 4416 cst
541 4365 613 4416 enim
630 4366 647 4414 b
665 4364 733 4414 nihil
752 4364 1060 4428 omittendum.ecquid
1079 4369 1122 4414 est
1141 4366 1214 4414 enim
1233 4367 1365 4417 hictarius

204 4433 269 4499 quid
289 4438 331 4484 est
349 4451 395 4485 orn.
413 4435 443 4498 A,
462 4436 522 4484 cdd.
542 4448 559 4481 a
627 4435 659 4482 22
678 4433 831 4497 predicatio
854 4433 994 4482 transilire
1013 4433 1085 4498 quod
1103 4434 1299 4498 pretemehic
1364 4435 1395 4484 24

204 4518 267 4552 num
286 4503 412 4556 omnies
482 4504 512 4551 28
530 4501 599 4551 illud
617 4517 663 4551 om.
683 4501 713 4562 Δ,
732 4503 793 4551 add.
812 4516 829 4549 a
896 4504 930 4554 30
947 4498 1020 4568 cum]
1044 4501 1140 4553 tum!
1209 4503 1242 4554 31
1263 4499 1304 4570 di]
1323 4503 1393 4556 tuit

272 4569 469 4621 transtulerunt
486 4584 501 4621 a
518 4569 712 4623 transtulerint
729 4569 799 4620 ABd
