3024 5062
328 155 367 231 0

405 276 650 324 nrrsronaaon
672 277 709 323 11.
733 273 757 320 8.
780 273 804 320 o.
827 268 862 334 (a.
876 266 1005 332 cretos)
1029 256 1042 267 ‘
1250 257 1286 320 41

100 450 154 494 sus
177 429 313 494 adfatim
335 432 524 515 suggerunt.
563 429 618 493 sed
640 431 706 494 sive
729 429 837 494 omnia
860 427 955 492 simul
977 427 1043 491 sive
1058 426 1176 511 aliquid
1198 426 1321 510 facis,2

99 553 166 595 non
187 553 317 616 possum
343 531 448 596 dicere
476 531 653 614 ‘invideo'3
682 553 786 617 angor
812 534 921 594 tamen
947 551 1013 593 non
1042 529 1174 593 etmihi
1196 530 1292 594 licere

99 654 181 718 quae
203 634 250 698 sic
273 634 479 718 concupisco,
502 636 540 698 ut
561 635 651 718 aegri
665 633 775 699 vinum
791 633 920 696 balinea
934 631 1052 696 fontes.
1075 652 1291 714 numquamne

99 735 157 800 hos
189 736 365 800 artissimos
393 736 537 820 laqueos„
566 736 593 799 si
622 736 742 801 solvere
769 738 924 821 negatur,
954 732 1166 817 abrumpam?
1202 755 1291 796 num·

76 854 210 921 aquam,
234 840 321 921 puto.
351 860 427 901 narn
442 838 602 902 veteribus
617 837 757 923 negotiis
773 859 856 901 nova
872 837 1077 917 adcrescunt,
1101 857 1162 900 nec
1182 835 1321 898 tamen3

98 939 206 1022 priora
227 942 444 1024 peraguntur:
466 941 516 1003 tot
537 939 689 1023 nexibus,
713 942 763 1003 tot
784 939 874 1023 quasi
899 938 1021 1002 catenis
1043 937 1145 1001 maius
1167 937 1201 1000 in
1224 936 1291 1001 dies

98 1040 347 1123 occupationum
369 1063 486 1126 agmen
510 1040 702 1105 extenditur.
748 1041 829 1105 vale.

641 1210 749 1276 VIIII.

405 1332 435 1382 o.
455 1331 604 1384 enimus
622 1332 847 1383 aroannam
870 1331 939 1382 suo
959 1331 986 1383 s.

64 1465 86 1505 10
184 1449 326 1513 Anxium
358 1471 408 1513 me
437 1452 469 1513 et
496 1449 675 1533 inquietum
703 1447 802 1512 habet
834 1448 948 1532 petitio
977 1447 1064 1512 Sexti
1092 1445 1190 1511 Eruci
1217 1449 1318 1515 mei.1

99 1550 230 1614 adficior
253 1572 328 1615 cura
351 1554 383 1615 ct
403 1572 500 1635 quam
522 1572 580 1635 pro
602 1572 653 1614 me
675 1549 923 1614 sollicitudinem
945 1571 1011 1614 non
1033 1549 1098 1613 adii
1119 1550 1211 1633 quasi
1233 1572 1291 1635 pro

98 1674 148 1716 me
172 1652 272 1716 altero
295 1653 415 1736 patior,
438 1654 470 1715 et
493 1653 611 1736 alioqui
632 1674 721 1716 meus
742 1652 862 1736 pudor,
891 1674 962 1716 mea
985 1651 1196 1734 existimatio,
1220 1673 1292 1716 mea

99 1753 240 1839 dignitas
268 1753 304 1817 in
331 1753 502 1818 discrimen
535 1753 713 1818 adducitur.
771 1775 832 1838 ego
865 1745 961 1818 Sexto
989 1753 1090 1817 latum
1120 1753 1243 1816 clavum
1271 1758 1320 1819 a2

100 1853 234 1920 Caesare
263 1859 388 1938 nostro,
418 1876 478 1940 ego
505 1858 710 1939 quaesturam
732 1855 916 1939 impetravi,
945 1876 1016 1918 mec
1044 1854 1196 1939 suffragio
1218 1876 1290 1939 per-

64 1975 87 2015 15
98 1956 188 2021 venit
216 1957 256 2020 ad
282 1957 332 2021 ius
360 1957 543 2021 tribunatus
565 1956 711 2041 petendi,
740 1978 834 2040 quem
861 1957 925 2020 nisi
952 1957 1076 2021 obtinet
1103 1957 1138 2020 in
1165 1960 1289 2038 senatu,

99 2079 208 2122 vereor
235 2080 277 2122 ne
299 2058 460 2142 decepisse
483 2058 652 2123 Gaesarem
678 2057 798 2122 videar.
841 2059 975 2142 proinde
1003 2058 1213 2123 adnitendum
1240 2063 1319 2126 est3

98 2159 177 2224 mihi
205 2163 242 2224 ut
269 2161 367 2225 talem
398 2181 470 2223 eum
491 2160 635 2224 iudicent
656 2181 784 2242 omnes,
807 2159 934 2244 qualem
956 2181 1024 2224 esse
1038 2160 1188 2244 princeps
1211 2160 1290 2224 mihi

100 2262 243 2327 credidit.
282 2284 363 2346 quae
386 2284 483 2327 causa
504 2263 532 2326 si
554 2262 694 2326 studium
721 2284 827 2326 meum
854 2284 921 2326 non
949 2263 1117 2345 incitaret,
1147 2263 1291 2326 adiutum

97 2367 207 2428 tamen
231 2386 380 2448 cuperem
401 2365 548 2429 iuvenem
576 2364 816 2448 probissimum,
847 2363 1087 2448 gravissimum,
1116 2364 1290 2428 eruditissi-

63 2485 202 2550 amum,
231 2467 320 2530 omni
347 2466 482 2551 donique
510 2466 603 2541 laude
632 2465 871 2551 dignissimum,
907 2469 939 2530 et
966 2465 1093 2550 quidem
1122 2488 1193 2530 cum
1220 2470 1290 2531 tota

98 2567 202 2631 domo.
233 2590 310 2631 nam
332 2571 425 2651 pater
447 2569 476 2632 ei
498 2567 634 2631 Erucius
657 2567 785 2651 Clarus,
813 2567 862 2631 vir
884 2570 1030 2650 sanctuS,
1054 2567 1220 2652 antiquus,
1244 2568 1321 2634 ‹li-4

98 2671 202 2733 sertus
235 2672 331 2753 atquc
363 2669 398 2734 in
427 2670 560 2752 agendis
590 2669 693 2733 causis
721 2670 930 2751 exercitatus,
960 2690 1040 2753 quas
1067 2691 1191 2734 summa
1218 2669 1289 2754 fide,

61 2780 74 2796 ‘
99 2771 169 2855 pari
199 2771 382 2834 constantia
414 2792 476 2835 nec
504 2770 695 2835 verecundia
721 2771 844 2835 minore
865 2770 1026 2835 defendit.
1072 2771 1170 2835 habet
1192 2794 1290 2836 avim-

99 2873 205 2936 culum
236 2872 271 2937 O.
300 2871 491 2956 Septicium,
520 2894 582 2956 quo
610 2872 693 2936 nihil
720 2873 840 2956 verius,
875 2872 958 2938 nihil
984 2873 1175 2958 simplicius,
1208 2873 1291 2937 nihil

63 2992 87 3032 a
100 2973 282 3057 candidius,
306 2973 388 3037 nihil
409 2973 533 3038 fidelius
554 2975 639 3038 novi.
684 2997 794 3040 omnes
817 2998 867 3040 me
883 2976 1031 3040 certatim
1053 2978 1216 3040 ettamen
1239 2976 1318 3042 aab

98 3075 237 3159 qualiter
260 3079 385 3160 amant,
406 3075 554 3140 omnibus
576 3097 663 3140 nunc
685 3098 746 3162 ego
768 3078 803 3141 in
831 3100 894 3143 uno
917 3078 1036 3142 referre
1058 3079 1197 3163 gratiam
1218 3100 1289 3163 pos-

99 3199 178 3242 sum.
222 3176 331 3261 itaque
353 3199 469 3261 prenso
492 3177 630 3261 amicos,
654 3179 814 3262 supplico,
844 3180 965 3264 ambio,
989 3180 1097 3244 domos
1120 3180 1289 3245 stationes-

34 3352 38 3361 ,
98 3299 159 3364 quc
192 3280 364 3363 circumeo,
398 3282 614 3364 quantumque
648 3281 699 3344 vel
726 3281 915 3346 auctoritate
946 3282 998 3346 vel
1029 3283 1136 3367 gratia
1165 3283 1290 3349 valeam

167 3644 181 3689 1
200 3644 352 3705 suggerunt
369 3642 493 3696 lelga
511 3642 635 3706 suggerit
652 3642 713 3704 Fpr
782 3642 857 3692 aliud
874 3657 889 3691 r
991 3643 1063 3693 facis
1080 3645 1180 3692 uvur
1196 3645 1289 3694 facias

99 3709 186 3771 Ipsa
254 3709 355 3757 2mihi
372 3709 414 3759 uti
431 3708 549 3759 licerer
625 3712 839 3775 aaegerupr*
907 3710 1010 3761 balnea
1027 3711 1146 3774 fontisp
1215 3727 1290 3761 num-

100 3791 181 3839 quam
200 3776 249 3826 hos
267 3777 288 3824 Il
307 3792 453 3841 numquam
471 3776 589 3840 hoenep
674 3779 733 3827 tsi
750 3780 836 3832 om.1)
913 3780 1010 3829 5nam
1028 3780 1168 3830 ueteribus
1185 3781 1290 3835 ΜΊΒς

99 3859 162 3892 nam
180 3844 209 3892 in
227 3844 368 3894 ueteribus
386 3846 469 3908 Fpra
549 3846 711 3896 adcrescunt
729 3860 832 3896 nouar
916 3849 992 3897 etot
1010 3847 1124 3898 nexibus
1143 3863 1224 3912 quam
1244 3864 1290 3897 ca·

100 3912 205 3962 tenisr
273 3912 492 3963 'lostenditurr
1202 3975 1204 3979 v

165 3979 250 4030 v1111
269 3983 300 4030 10
318 3984 346 4029 et
364 3981 485 4043 quietum
503 3997 571 4032 corr.
590 3984 624 4032 al.
643 3998 717 4043 maa„
736 3983 892 4044 occidetur,
912 3986 941 4032 et
957 3983 1110 4047 inquietum
1123 3985 1146 4031 V
1202 3983 1291 4034 Sextii

99 4062 113 4096 r
180 4047 271 4097 Erutii
287 4062 305 4096 a
322 4049 422 4098 Euritii
439 4051 493 4111 pr*
563 4049 799 4100 11s011itudinem
817 4052 844 4098 Μ
930 4054 961 4100 12
980 4050 1140 4114 alioqaqu
1212 4055 1243 4102 13
1261 4053 1290 4102 in

99 4115 287 4165 discriminet
356 4116 451 4167 Sextio
469 4129 487 4166 r
557 4119 588 4168 14
605 4119 714 4167 uenitr
783 4118 814 4167 15
833 4118 1002 4168 tribunatum
1020 4120 1075 4168 HV
1144 4121 1176 4169 16
1194 4134 1290 4171 uereor

99 4183 201 4241 (aanor
218 4182 242 4249 r)
261 4185 290 4232 in
308 4187 408 4234 senatu
425 4185 465 4232 Fr
534 4201 568 4234 ne
587 4202 634 4235 om.
653 4186 697 4234 ra
755 4192 797 4234 est
815 4200 894 4236 ocar
963 4188 993 4236 17
1012 4187 1096 4236 talem
1115 4202 1209 4236 omnes
1227 4204 1288 4238 eum

98 4250 219 4301 iudicent
237 4251 347 4315 qualem
365 4268 426 4302 eum
446 4268 506 4302 csse
524 4256 577 4316 pr*
648 4255 679 4304 19
704 4268 851 4318 caperest
903 4253 1117 4310 eruditissimum
1136 4259 1164 4305 et
1183 4256 1288 4319 omnip

166 4321 200 4369 20
217 4319 290 4368 omni
307 4335 353 4369 om.
372 4322 393 4368 D
462 4322 493 4370 21
514 4322 539 4370 ci
551 4322 631 4370 ΗΠ)
651 4322 711 4372 eius
727 4322 810 4384 Fpru
878 4322 990 4372 Erutius
1008 4338 1025 4371 a
1043 4323 1166 4373 Euritius
1184 4326 1238 4385 pr*

98 4388 131 4436 22
150 4388 288 4437 exercitus
307 4388 350 4436 ra
417 4403 535 4438 summas
553 4390 614 4453 pari
631 4391 674 4438 θ’
738 4391 771 4439 24
789 4390 930 4455 septitium
949 4390 996 4438 El)
1075 4392 1108 4440 26
1125 4391 1154 4440 in
1171 4407 1289 4456 unump

166 4455 273 4520 gratias
290 4468 305 4503 r
388 4457 631 4521 2'lprensollV1)
650 4457 785 4522 prehenso
802 4472 839 4521 pr
855 4457 957 4524 prendo
976 4459 1019 4507 Fu
1098 4459 1224 4526 supplico
1242 4477 1288 4514 om.

98 4523 119 4573 n
179 4523 323 4593 ,stationes
342 4524 478 4576 circumeo
495 4527 548 4588 pr*
617 4527 650 4576 28
669 4531 936 4593 quantuncunqucr
1022 4585 1028 4600 ὓ
