3024 5062
171 260 234 326 380
694 276 724 324 c.
747 276 842 323 imru

171 431 398 494 summovenda
426 431 582 514 adulatio,
618 432 673 495 sed
701 452 767 495 non
794 429 975 494 reducenda
1004 431 1062 494 est.
1106 431 1229 494 certum
1258 431 1308 493 est
1335 432 1368 494 et

171 553 252 616 quae
274 531 380 597 facere
402 535 435 596 et
456 554 537 617 quae
559 533 699 598 debeant
721 532 840 615 audire,
865 532 892 597 si
913 532 1048 596 faciant.
1092 531 1168 615 quid
1196 553 1284 595 nuno
1306 553 1367 617 ego

171 656 266 718 super
288 656 428 720 eaquae
450 657 527 700 sum,
544 657 614 700 eum
636 638 705 699 toto
727 638 841 699 senatu
861 637 1011 718 precatus
1033 655 1091 718 pro
1106 636 1221 698 senatu
1242 654 1365 718 precer,

171 736 234 799 nisi
256 739 292 800 ut
314 736 443 801 haereat
464 738 571 801 animo
592 740 648 801 tuo
670 735 822 822 gaudium
850 736 933 820 quod
960 738 1040 800 tunc
1068 735 1167 800 oeulis
1189 735 1364 820 protulisti,

172 860 258 902 ames
280 838 368 903 illum
393 812 476 903 &em
499 841 662 902 ettamen
683 838 810 922 iincas,
833 860 917 903 nova
941 837 1109 921 merearis,
1132 860 1216 902 nova
1231 838 1392 903 audiasts

122 939 283 1005 tsseadem
305 942 391 1005 enim
414 941 475 1006 dici
499 941 562 1006 nisi
576 941 788 1006 facta...non
805 943 949 1025 possunt.
983 940 1047 1005 iam
1069 961 1164 1024 quam
1187 941 1366 1025 antiquum,
1423 941 1424 944 ’

172 1065 267 1127 quam
290 1045 471 1127 consulare,
501 1043 584 1128 quod
611 1042 752 1107 triduum
773 1045 877 1106 totum
899 1045 1030 1106 senatus
1057 1041 1116 1107 sub
1144 1042 1290 1127 exemplo
1319 1043 1365 1107 tui

172 1145 269 1227 sedit,
301 1166 372 1209 cum
393 1145 517 1209 interea
539 1144 622 1208 nihil
642 1147 770 1228 praeter
800 1143 962 1208 consulem
991 1145 1118 1229 ageres!
1152 1145 1368 1230 interrogavit

172 1247 304 1333 quisque
333 1247 415 1332 quod
443 1246 808 1330 placuit...dissentire,
842 1245 1003 1310 discedere
1043 1248 1075 1310 et
1103 1247 1228 1330 copiam
1255 1247 1367 1312 iudicii

173 1349 221 1412 sui
244 1348 289 1413 rei
311 1348 458 1433 publicae
479 1349 596 1413 facere.
635 1348 773 1413 consulti
801 1369 911 1413 omnes
934 1350 1028 1432 atque
1051 1347 1148 1412 etiam
1170 1349 1368 1414 dinumerati
1382 1369 1406 1407 ιο

173 1471 296 1534 sumus,
320 1451 460 1535 vicitque
482 1449 643 1514 sententia
665 1471 731 1514 non
746 1449 865 1534 prima,
889 1449 945 1514 sed
960 1448 1081 1515 melior.
1120 1454 1155 1515 at
1176 1451 1247 1535 quis
1270 1454 1368 1516 antea

173 1552 268 1637 loqui,
292 1552 363 1637 quis
385 1551 509 1616 hiscere
532 1551 671 1616 audebat
690 1553 818 1636 praeter
832 1551 964 1615 miseros
987 1551 1059 1615 illos
1075 1553 1128 1636 qui
1149 1553 1246 1636 primi
1268 1553 1368 1618 inter-

173 1655 393 1740 rogabantur?
416 1655 513 1719 oeteri
535 1654 664 1738 quidem
686 1652 780 1718 defixi
802 1655 835 1717 et
855 1653 985 1717 attoniti
1006 1654 1110 1737 ipsam
1132 1653 1221 1719 illam
1243 1658 1368 1720 mutam

171 1779 210 1823 ac
231 1758 445 1822 sedentariam
466 1755 667 1820 adsentiendi
694 1753 917 1820 necessitatem
939 1776 1001 1840 quo
1029 1777 1100 1820 cum
1122 1755 1232 1820 dolore
1254 1757 1366 1841 animi,

172 1881 234 1944 quo
258 1881 329 1924 cum
350 1858 449 1922 totius
472 1858 611 1942 corporis
639 1857 769 1922 horrore
796 1858 1074 1942 perpetiebantur!
1107 1879 1189 1927 unus
1217 1858 1404 1944 solusque15

173 1961 322 2026 censebat
344 1962 427 2045 quod
449 1964 657 2045 sequerentur
679 1982 789 2025 omnes
811 1963 845 2025 et
859 1983 969 2025 omnes
983 1961 1220 2045 improbarent,
1245 1961 1281 2025 in
1303 1963 1367 2047 pri·

173 2063 232 2127 mis
260 2064 328 2146 ipse
355 2063 409 2147 qui
437 2066 614 2127 censuerat.
657 2063 736 2127 adeo
758 2062 848 2127 nulla
869 2063 974 2149 magis
1000 2062 1151 2127 omnibus
1179 2062 1365 2148 displicent,

172 2187 268 2249 quam
289 2186 371 2249 quae
393 2165 440 2229 sic
461 2165 558 2239 fiunt,
585 2167 749 2249 tamquam
777 2165 924 2230 omnibus
946 2166 1106 2250 placeant.
1148 2165 1289 2230 fortasse
1310 2167 1366 2231 im·

172 2269 301 2351 perator
331 2267 367 2331 in
394 2270 508 2332 senatu
536 2267 576 2330 ad
597 2267 810 2332 reverentiam
833 2268 900 2332 eius
923 2268 1189 2351 componebatur:
1224 2271 1366 2333 aetenam

173 2390 319 2454 egressus
341 2370 452 2433 statim
473 2391 507 2434 se
529 2369 705 2453 recipiebat
726 2369 761 2434 in
783 2370 962 2453 principem
989 2369 1159 2454 omniaque
1183 2370 1400 2435 consulariaao

172 2471 279 2535 officia
302 2471 443 2554 abicere,
465 2471 653 2557 neglegere,
679 2475 883 2537 contemnere
905 2471 1038 2536 solebat.
1069 2471 1123 2535 ille
1138 2492 1214 2537 vero
1228 2471 1278 2536 ita
1293 2493 1366 2536 con·

172 2574 237 2658 sul,
261 2577 297 2638 ut
318 2573 346 2638 si
368 2576 495 2638 tantum
518 2574 629 2638 consul
643 2575 744 2658 foret,
768 2573 849 2639 nihil
864 2574 952 2638 infra
973 2595 1007 2638 se
1025 2573 1178 2658 putabat,
1202 2574 1268 2638 nisi
1283 2574 1366 2658 quod

171 2677 259 2741 infra
281 2677 444 2741 consulem
467 2679 560 2741 esset.
599 2698 636 2741 ac
663 2677 801 2761 primum
829 2677 874 2741 ita
897 2678 990 2741 domo
1016 2675 1302 2761 progrediebatur,
1330 2679 1366 2741 ut

69 2819 75 2826 -
171 2778 262 2843 illum
288 2779 394 2842 nullus
422 2781 595 2863 apparatus
622 2779 827 2863 arrogantiae
850 2778 1054 2863 principalis,
1082 2777 1191 2842 nullus
1218 2799 1365 2863 praecur-

173 2903 279 2945 sorum
294 2873 449 2945 tumultus
471 2881 640 2946 detineret.
678 2904 742 2946 una
766 2881 890 2946 eratin
912 2880 1024 2946 limine
1046 2903 1135 2945 mora
1141 2930 1150 2964 ,
1183 2881 1364 2946 consultare
1376 2904 1396 2944 a

173 3004 247 3047 aves
269 2984 467 3067 revererique
489 2984 657 3048 numinum
679 2983 829 3048 monitus.
867 3004 963 3048 nemo
985 2982 1248 3067 proturbabatur,
1272 3004 1364 3048 nemo

172 3086 443 3150 summovebatur:
473 3089 565 3150 tanta
592 3085 767 3151 viatoribus
800 3085 903 3170 quies,
937 3088 1049 3151 tantus
1077 3085 1180 3171 pudor
1209 3085 1362 3169 fascibus,

1066 3188 1079 3211 .

241 3399 254 3445 1
275 3402 380 3447 certum
399 3403 442 3447 ost
461 3401 489 3447 et
507 3413 577 3462 quae
595 3397 657 3446 Bac
680 3400 783 3446 certum
809 3399 851 3446 est
873 3402 904 3447 ut
927 3411 997 3461 quse
1015 3397 1038 3444 Δ
1057 3401 1161 3445 ceruam
1181 3401 1225 3445 est
1242 3396 1363 3461 aequet

239 3465 429 3530 4praetulisti
447 3467 577 3516 Livineius
619 3469 620 3473 ’
646 3467 707 3515 tet
725 3470 818 3514 tamen
836 3465 935 3515 uineas
953 3465 1000 3513 AB
1024 3470 1052 3514 et
1069 3463 1168 3513 uineas
1186 3478 1201 3512 c
1219 3469 1250 3514 at
1267 3467 1362 3514 uineas

172 3534 189 3581 d
257 3532 353 3582 audies
372 3535 408 3582 cd
475 3534 565 3583 edici
582 3533 665 3582 arad
740 3533 794 3582 nisi
812 3532 846 3583 ob
867 3532 963 3582 eadem
981 3533 1058 3582 facta
1077 3533 1232 3585 Gatanacas.
1250 3534 1362 3596 sortasse

172 3602 228 3650 nisi
245 3602 323 3650 faeta
341 3602 397 3650 sint
414 3601 509 3650 eadem
613 3602 628 3651 'l
646 3599 696 3650 sub
719 3599 844 3665 exemplo
862 3606 909 3650 tuo
932 3619 946 3650 e
968 3602 1056 3651 codiee
1073 3602 1200 3650 Patavina
1218 3607 1246 3651 et
1266 3602 1362 3651 Veneto

172 3671 304 3719 adnotavit
322 3666 493 3732 schwartius,
519 3671 618 3733 recepit
637 3669 763 3733 Gieripias
787 3670 836 3721 snb
865 3667 990 3733 exemplo
1017 3669 1171 3734 patientiae
1190 3673 1257 3719 tuae
1275 3669 1361 3733 Caspi·

172 3740 261 3788 aionas
330 3739 346 3787 8
364 3752 471 3802 ageres.
489 3737 678 3802 Interrogauit
695 3737 809 3802 quisque
828 3737 899 3801 quod
918 3735 1025 3800 placuit
1043 3737 1189 3788 dissentire
1201 3737 1251 3787 Aa
1269 3752 1361 3802 ageres

172 3808 358 3870 interrogares
378 3806 500 3871 quisquis
520 3805 591 3870 quod
609 3805 714 3870 placuit
726 3804 873 3855 dissentire
885 3805 922 3853 cd
940 3820 1051 3870 ageres,
1069 3804 1098 3854 id
1112 3809 1156 3855 est
1167 3804 1360 3871 interrogares.

133 3901 135 3905 f
173 3875 288 3939 quisque
307 3875 376 3938 quod
396 3873 500 3939 placuit
518 3874 633 3935 sentire,
657 3872 806 3923 dissentire
825 3872 992 3923 Schworzius.
1007 3875 1121 3937 sortasse
1141 3886 1252 3938 ageres:
1281 3875 1361 3923 inter·

173 3948 283 4007 rogatus
302 3943 415 4007 quisque
435 3941 505 4007 quod
522 3940 626 4006 placuit
644 3942 797 4001 sentiebat,
817 3940 897 3990 licuit
915 3941 1062 3992 dissentire
1160 3943 1176 3992 9
1195 3942 1305 4006 copiam
1324 3943 1361 3990 in·

172 4011 237 4060 dicii
257 4011 349 4060 facero
367 4012 409 4060 sni
428 4012 468 4060 rei
487 4025 530 4075 pu.
550 4024 564 4058 c
583 4009 690 4074 copiam
707 4008 805 4058 iudicii
827 4011 869 4058 sui
887 4010 928 4058 rei
946 4025 991 4073 pu,
1015 4010 1106 4059 facere
1130 4013 1220 4060 tutum
1244 4010 1299 4060 fuit
1317 4009 1361 4059 Ga-

172 4087 277 4128 tanceas
347 4081 375 4127 11
397 4076 437 4143 at]
458 4078 543 4127 autB
613 4080 644 4127 17
662 4076 812 4141 displicent
827 4078 912 4128 Baod
929 4078 1088 4142 displiceret
1104 4078 1127 4125 A
1196 4080 1231 4129 20
1249 4079 1361 4142 recipie·

173 4148 221 4196 bat
238 4148 267 4195 in
285 4147 437 4211 principem
455 4147 539 4195 Bacd
556 4146 711 4210 recipiebat
730 4146 759 4194 in
776 4147 969 4211 imperatorem
987 4147 1142 4211 principem
1160 4146 1183 4193 A
1241 4149 1274 4196 21
1295 4145 1360 4196 abii·

172 4231 234 4264 cere
253 4214 381 4264 Livineius
399 4215 513 4280 abigere
531 4214 618 4262 ABcd
703 4215 744 4263 ita
762 4216 843 4263 omi
928 4217 960 4264 22
983 4220 1013 4265 ut
1036 4214 1185 4265 sitantum
1204 4214 1301 4265 consul
1318 4231 1360 4267 aa.

172 4283 247 4342 Acd,
266 4283 326 4332 add.
345 4284 387 4336 Βς
422 4285 454 4333 23
473 4282 547 4332 infra
566 4281 704 4332 consulem
723 4288 795 4332 esset
815 4281 969 4333 Catouaeus²
992 4284 1064 4332 infra
1083 4297 1130 4332 eos
1150 4288 1227 4332 esset
1244 4283 1332 4333 ABcd

171 4353 204 4400 24
222 4365 431 4415 praecursorum
449 4352 472 4399 A
489 4365 680 4416 percussorum
699 4351 740 4399 Bd
758 4367 943 4416 precursorem
962 4366 976 4399 e
1044 4353 1077 4401 25
1099 4350 1278 4402 consalutare
1294 4353 1317 4400 A

171 4421 204 4467 26
223 4419 343 4468 reuereri
360 4421 499 4468 numinum
519 4420 642 4481 motusfl
712 4417 843 4484 monitus]
864 4424 1017 4469 moratusc
1086 4434 1166 4468 nemo
1184 4419 1361 4484 proturbaba-

171 4491 216 4534 tur
234 4487 361 4536 Livineius
379 4503 457 4537 nemo
476 4487 691 4550 perturbabatur
708 4487 771 4535 Aba
790 4504 868 4538 nemo
888 4488 1063 4554 perturbatur
1081 4486 1106 4552 β,
1125 4502 1174 4538 om.
1193 4488 1210 4535 d
1287 4501 1360 4538 nemo

171 4555 394 4607 summovebatur
411 4573 457 4609 om.
476 4555 491 4618 β
