3024 5062
616 301 827 350 PRAEFATIO.
1220 299 1317 346 XXXV

119 461 221 535 pienti
233 462 359 521 consilio
375 467 404 519 te
424 460 567 535 praeside
587 461 800 520 consultissimo
821 460 1094 534 specialissimaque
1113 455 1184 528 frui
1204 458 1313 516 licebit.
1361 439 1363 442 Α

124 561 190 634 Epo
219 563 328 621 deinde
357 567 461 621 tantas
490 569 611 637 tamque
634 563 820 636 praeclaras
844 563 948 635 patris
983 576 1021 619 ac
1047 561 1107 631 alii
1134 559 1216 618 dotes
1240 575 1315 635 per-

34 719 37 726 .
122 664 251 739 spiciens
285 665 508 739 suspiciensque
541 665 661 737 utrique
694 679 741 722 me
773 664 987 738 mancipiolum
1022 661 1134 721 addico
1162 661 1318 734 indipnum

122 766 261 840 quidem:
283 771 489 825 verumtamen
513 764 803 840 obsequentissimum
824 764 1001 836 fidissimum
1029 769 1058 821 et
1080 764 1232 836 sinpulari
1252 778 1318 821 mea

123 869 155 926 in
179 866 323 926 Bembam
347 867 465 927 domum
487 867 684 926 obseruantia
715 883 775 926 non
799 865 1029 941 aspernabilem.
1076 866 1199 924 Damam
1223 871 1255 924 ut
1277 865 1320 922 ad

123 967 285 1029 secumdum
307 969 448 1027 redeam:
482 969 553 1029 Cum
569 969 707 1028 ananan:
746 970 795 1027 uel
817 974 849 1027 ut
869 974 977 1028 uacet:
998 968 1097 1041 lepus:
1121 969 1208 1025 uelim
1231 967 1319 1024 tulus

123 1069 285 1145 Epistolia.
335 1068 448 1129 Catulli
479 1069 603 1129 uerbum
636 1070 787 1128 occurrit:
818 1085 879 1128 non
911 1073 945 1126 ut
977 1083 1043 1128 eum
1072 1068 1165 1127 obiter
1187 1068 1318 1126 molliam

123 1175 184 1231 iam
209 1174 457 1250 cantatissimum.
506 1170 608 1230 Vale.
641 1171 858 1231 Doctrinarum
887 1170 987 1229 decus.
1016 1165 1052 1228 in
1080 1164 1145 1228 fine
1170 1164 1319 1228 editionis

123 1269 147 1333 f.
174 1269 213 1333 19
241 1274 396 1349 Epistolae
421 1274 518 1332 Plinii
543 1272 677 1333 Iunioris
711 1274 830 1332 nauiter
861 1277 1001 1346 repertae
1035 1271 1220 1346 Summaque
1246 1272 1320 1330 dili-

121 1378 226 1449 aentia
260 1375 410 1450 impresse
437 1392 498 1450 per
529 1374 673 1434 Ioannem
704 1375 741 1434 de
776 1373 901 1434 Tridino
929 1376 1011 1433 alias
1037 1372 1204 1434 Tacuinum
1238 1389 1319 1432 anno

123 1475 351 1537 incarnationis
374 1478 495 1536 domini.
521 1477 574 1537 M.
588 1475 751 1536 0000011.
777 1476 827 1536 dic
848 1491 922 1535 nero
944 1477 1099 1535 undecimo
1121 1478 1229 1535 mensis
1252 1475 1321 1534 Mai

122 1584 151 1637 et
173 1596 240 1638 aum
258 1581 433 1653 priuilepio.

111 1758 123 1770 .
207 1675 399 1763 Exemplum
435 1676 584 1740 editionis
622 1676 804 1741 rarissimae
841 1674 924 1758 quod
962 1678 1011 1739 est
1050 1675 1085 1740 in
1121 1673 1316 1739 bibliotheca

126 1777 313 1843 Monacensi
342 1777 474 1844 Carolus
504 1776 652 1842 Halmius
683 1780 836 1842 consueta
869 1779 902 1841 et
935 1777 1045 1841 multis
1075 1777 1211 1861 probata
1239 1776 1318 1840 libe-

123 1879 250 1944 ralitate
277 1880 356 1944 mihi
384 1880 539 1944 utendum
573 1880 742 1944 concessit.
788 1878 888 1943 Plinii
918 1879 1062 1963 epistulis
1091 1879 1216 1942 numeri
1245 1900 1315 1942 con·

123 1981 222 2064 tinui,
247 1982 361 2065 quibus
383 1982 460 2047 ordo
482 1982 692 2067 epistularum
708 1981 923 2067 significatur,
948 2003 1020 2046 cum
1041 1981 1317 2045 brevibus‘rerum

124 2105 204 2166 quae
226 2086 410 2148 tractantur
432 2084 590 2148 indicibus
613 2083 781 2167 adscripti3
804 2082 936 2147 Traiani
960 2083 1113 2167 epistulae
1135 2083 1249 2167 spatiis
1272 2105 1319 2146 re·

123 2184 208 2248 lictis
236 2189 270 2249 et
294 2185 467 2251 maioribus
500 2186 617 2251 litteris
646 2185 824 2250 initialibus
857 2186 897 2249 ab
932 2185 973 2249 iis
1002 2189 1158 2268 secretae,
1187 2186 1319 2249 nomina

125 2290 232 2350 autem
259 2285 357 2351 Plinii
387 2291 420 2351 et
446 2287 579 2352 Traiani
608 2289 642 2352 in
670 2287 935 2372 inscriptionibus
964 2286 1173 2370 epistularum
1187 2288 1318 2352 'omissa

123 2391 209 2454 sunt.
246 2389 351 2472 prIma
377 2389 478 2474 igitur
500 2389 635 2474 epistula
657 2390 698 2453 41
731 2389 817 2453 hanc
851 2387 949 2454 habet
982 2389 1241 2472 inscriptionem,
1274 2395 1319 2452 Be

121 2498 193 2555 lacu
221 2494 480 2556 Nicomedensium
507 2495 646 2572 Epistola
667 2495 817 2573 XXVII,
847 2491 961 2555 ultima
985 2491 1045 2554 121
1074 2491 1175 2574 hanc,
1205 2495 1250 2555 Ile
1272 2496 1316 2555 di-

120 2597 303 2672 plomatibus
324 2596 478 2657 LXXIII.
504 2594 558 2658 sed
580 2595 613 2657 in
639 2593 777 2678 epistula
798 2593 850 2676 58,
876 2614 947 2657 cum
970 2593 1144 2657 secundum
1172 2591 1316 2657 ordinem

122 2692 306 2759 institutum
327 2693 460 2759 inscribi
475 2695 637 2760 debuisset
657 2716 809 2761 numerus
824 2693 979 2778 XXXVI,
1004 2695 1058 2758 ille
1080 2714 1230 2760 numerus
1247 2715 1318 2758 cum

29 2814 33 2822 ·
123 2794 218 2859 solita
241 2796 422 2880 argumenti
443 2795 639 2862 indicatione
662 2818 767 2862 errare
787 2797 917 2862 editoris
938 2797 1072 2861 omissus
1096 2798 1129 2860 et
1154 2797 1318 2880 proximae

117 2894 302 2961 ¹Domitiani
310 2897 466 2981 epistulae
475 2899 601 2964 additus
614 2902 672 2964 est.
689 2899 764 2964 inde
776 2899 914 2964 efficitur
928 2920 1081 2962 numerus
1096 2897 1315 2984 epistularum,

123 3019 203 3082 quaa
216 2999 343 3081 quidem
357 2998 619 3084 inscriptionibus
637 3004 669 3065 et
686 3000 846 3067 continuis
857 3001 998 3065 numeris
1010 3000 1213 3085 significatae
1228 3004 1317 3082 sunt,

123 3095 336 3184 quadraginta
358 3122 429 3184 sex,
452 3103 506 3186 qui
528 3103 562 3167 in
578 3104 682 3188 prima
695 3104 818 3189 pagina
838 3102 998 3168 indicatus
1014 3105 1072 3169 est.
1096 3102 1319 3187 apographum

123 3204 230 3267 autem
263 3224 324 3285 quo
358 3203 461 3269 editor
492 3226 566 3269 usus
600 3208 663 3289 est,
696 3226 888 3290 quamquam
918 3204 1010 3268 initio
1032 3204 1215 3269 mutilatum
1237 3206 1316 3286 erat,

122 3305 233 3368 tamen
256 3325 295 3368 ex
315 3304 445 3389 integro
468 3305 575 3371 codice
591 3306 784 3391 descriptum
805 3308 904 3372 fuisse
919 3308 1012 3371 docet
1026 3327 1177 3370 numerus
1193 3305 1318 3370 XXVII

123 3405 244 3488 palmae
266 3405 422 3491 epistulae
445 3408 634 3491 adscriptus.
674 3430 751 3473 nam
778 3409 934 3493 epistulae
956 3408 1076 3491 Plinii,
1106 3430 1186 3492 quae
1206 3410 1319 3493 postea

123 3505 159 3569 in
180 3506 273 3570 initio
295 3507 370 3571 libri
392 3528 431 3571 ex
454 3508 565 3573 eodem
589 3509 696 3574 codice
719 3510 845 3574 additae
868 3512 960 3593 sunt,
990 3513 1118 3594 praeter
1146 3509 1318 3594 epistulam

123 3605 271 3692 XVIIB,
300 3629 382 3692 quae
405 3632 477 3675 cum
499 3632 640 3695 eaquae
661 3612 825 3696 praecedit
841 3612 1012 3676 coniuncta
1034 3610 1218 3695 legebatur,
1243 3614 1319 3675 sunt

123 3729 256 3775 numero
278 3710 396 3795 viginti
418 3733 484 3776 sex.

208 3811 322 3878 Paucis
355 3813 518 3879 mensibus
550 3818 624 3899 post
657 3816 783 3880 easdem
805 3815 968 3900 epIstulas,
1001 3837 1081 3900 quae
1114 3814 1154 3879 ab
1177 3815 1318 3879 Avantio

124 3913 228 3978 editae
250 3917 358 3998 erant,
382 3915 497 3981 iterum
521 3917 621 3981 edidit
642 3917 857 4002 Philippus
885 3917 1120 3999 Beroaldus,
1150 3917 1204 4001 qui
1232 3920 1317 4000 past-

30 4062 33 4066 Α
123 4036 220 4099 quam
241 4038 270 4080 a.
297 4016 378 4081 1498
402 4039 517 4082 novem
539 4018 749 4102 epistularum
770 4019 868 4083 libros
884 4018 1041 4102 ediderat,
1065 4017 1318 4083 a.1.502ethas

123 4119 156 4180 et
192 4117 371 4183 orationem
404 4119 503 4184 Plinii
541 4121 650 4186 eadem
686 4142 815 4205 prorsus
848 4121 953 4185 forma
986 4141 1151 4205 expressas
1188 4119 1316 4202 adiecit,

125 4222 280 4297 Epistulae
307 4225 404 4285 Plinii
433 4229 476 4286 ad
507 4225 672 4288 Traianum
688 4227 691 4233 '
705 4246 771 4288 cum
799 4229 999 4305 Panepprica
1042 4226 1093 4286 Ex
1120 4228 1319 4300 castipatiane

125 4323 260 4401 Philippi
287 4325 443 4389 Beroaldi.
487 4328 707 4391 PHILIPPUS
732 4329 981 4390 BEROALDUS
1006 4328 1062 4387 ΑΙ)
1083 4327 1316 4388 cocionum.

124 4425 191 4484 Hae
212 4435 281 4487 sunt
302 4430 458 4505 Epistolne
481 4434 607 4505 aliquot,
636 4449 716 4506 quae
747 4435 923 4508 nuperrime
953 4439 982 4491 in
1005 4434 1101 4490 lucem
1118 4431 1314 4507 prodierunt,

124 4544 143 4586 a
166 4528 263 4590 Plinio
285 4531 423 4592 Secundo
446 4534 488 4592 ad
513 4532 678 4593 Traianum
700 4536 918 4610 Imperatorem
945 4541 1015 4593 eta
1041 4532 1177 4593 Traiano
1200 4534 1242 4592 ad
1257 4534 1317 4592 Pli-

1073 4635 1112 4694 00
