3024 5062
179 289 203 337 X
673 297 880 346 PRAEFATIO.

180 451 326 536 epistulis
347 473 415 516 non
436 450 544 516 nullae
558 451 708 531 omissae,
730 451 851 515 multae
868 451 930 516 alio
945 451 1056 516 ordine
1070 453 1209 535 positae,
1233 474 1272 516 ex
1286 475 1371 517 nono

179 553 262 618 libro
283 575 405 636 paucae
427 557 576 636 receptae
604 574 720 636 eaeque
749 574 819 616 cum
848 555 961 617 octavo
989 553 1070 617 libro
1099 556 1303 638 coniunctae,
1336 555 1371 618 in

177 654 256 739 ipsis
278 655 383 720 verbis
411 658 516 718 autem
544 654 645 718 multa
671 654 778 738 pravis
806 655 1037 719 mutationibus
1067 659 1216 738 corrupta
1244 657 1296 720 vel
1317 678 1370 720 ne-

177 755 346 841 glegenter
367 756 488 839 scripta
511 758 597 819 sunt.
647 777 728 839 quae
764 777 835 820 cum
862 756 909 820 ita
937 757 1018 839 sint,
1047 757 1142 821 166116
1170 757 1371 841 intellegitur

176 857 300 922 nullam
321 858 453 922 omnino
474 857 550 922 huic
572 857 672 922 codici
694 850 921 922 auctoritatem
935 858 1139 923 tribuendam
1162 880 1245 942 esse,
1268 881 1370 943 neque

177 980 214 1024 eo
242 981 317 1024 usus
348 982 434 1043 sum,
468 959 533 1023 nisi
566 959 648 1043 quod
677 959 775 1023 semel
802 958 849 1024 VI
876 960 936 1043 32,
962 961 978 1023 1
1009 959 1370 1024 coniecturam‘librarii

178 1060 431 1126 commemoravi.
1258 1127 1261 1131 .

260 1162 312 1235 Ad
335 1163 469 1228 eandem
491 1163 624 1248 stirpem
651 1164 837 1247 pertinebat
865 1165 962 1229 codex
990 1165 1018 1229 is
1046 1185 1085 1228 ex
1112 1186 1173 1248 quo
1201 1164 1282 1228 duae
1305 1166 1369 1248 epi-

175 1263 279 1328 stulae
300 1264 351 1329 16
374 1267 407 1329 et
421 1264 468 1329 VI
486 1267 526 1329 10
546 1286 632 1329 nono
655 1266 781 1330 saeculo
803 1258 982 1350 descriptae
1003 1265 1155 1350 leguntur
1176 1266 1211 1330 in
1234 1267 1369 1331 codice

174 1364 410 1430 Monacensi
439 1366 557 1450 14641,
591 1367 668 1431 olim
700 1367 931 1432 Ratisbonensi
959 1366 1162 1432 Emmeramo
1189 1367 1250 1432 641
1279 1368 1303 1432 1.
1326 1369 1368 1432 46

175 1468 268 1532 6141
291 1472 364 1552 post
384 1468 547 1533 Ambrosii
570 1471 602 1532 61
625 1469 773 1553 Gregorii
796 1469 949 1552 epistulas
971 1472 1004 1533 et
1027 1469 1218 1534 calendaria.

259 1567 398 1635 Secundi
425 1571 554 1654 generis
584 1569 728 1660 codicum
750 1593 849 1635 unum
876 1574 992 1635 testem
1019 1593 1107 1636 nunc
1129 1571 1284 1635 habemus
1308 1594 1368 1636 co-

174 1669 299 1735 dicem
331 1670 626 1755 Florentinum,
660 1673 715 1756 qui
754 1672 830 1736 olim
863 1673 1076 1737 bibliothecae
1110 1671 1142 1738 S.
1170 1673 1273 1738 Marci
1305 1674 1369 1739 284

173 1772 246 1855 fuit,
264 1772 339 1838 inde
360 1773 394 1836 in
409 1772 662 1838 Laurentianam
683 1773 913 1839 bibliothecam
934 1774 1110 1840 translatus
1125 1775 1272 1860 necdum,
1297 1798 1367 1840 cunr
1389 1854 1392 1865 ί

173 1895 244 1939 eum
265 1875 463 1958 tractabam,
492 1875 527 1938 in
549 1891 698 1940 numeros
719 1876 839 1940 relatus
862 1880 941 1940 erat.
978 1877 1007 1941 is
1035 1880 1084 1941 est
1105 1877 1367 1942 membranaceus

171 1975 275 2041 forma
304 1976 460 2068 quadrata
486 1977 545 2041 sub
573 1978 670 2041 finem
699 1977 814 2042 decimi
841 1978 974 2062 6666611,
1003 1982 1040 2042 61
1067 1979 1146 2043 mihi
1173 1980 1277 2043 visum
1306 1983 1364 2062 661,

172 2077 321 2162 scriptus.
347 2079 492 2144 continet
507 2083 614 2144 autem
629 2080 768 2164 primum
787 2080 810 2144 f.
830 2080 934 2144 1-40
947 2080 1077 2164 Apuleii
1091 2080 1189 2145 libros
1205 2084 1366 2164 quattuor,

172 2180 211 2244 de
243 2179 301 2245 666
334 2179 491 2265 Socratis,
526 2181 690 2267 dialogum
718 2181 882 2247 Hermetis
905 2182 1107 2267 Trimegisti,
1142 2181 1181 2245 de
1214 2181 1364 2266 dogmate

171 2281 333 2366 Platonis,
363 2282 402 2346 de
428 2282 566 2366 mundo,
596 2282 710 2347 deinde
739 2306 757 2347 6
785 2283 808 2348 1.
830 2284 872 2348 41
900 2283 999 2348 Plinii
1026 2283 1234 2368 epistularum
1267 2284 1365 2348 libros

171 2385 322 2467 quattuor
348 2384 469 2467 primos
499 2406 570 2448 cum
598 2407 654 2448 sex
683 2385 794 2469 primis
823 2384 899 2449 libri
925 2385 1029 2469 quinti
1058 2384 1219 2469 epistulis,
1243 2384 1366 2450 'omissa

171 2486 280 2548 tamen
312 2486 417 2569 quarti
439 2485 514 2550 libri
543 2486 681 2570 epistula
708 2486 860 2550 vicesima
882 2489 990 2570 sexta,
1020 2485 1104 2549 unde
1133 2486 1272 2550 efficitur
1307 2510 1364 2552 nu·

170 2606 275 2651 merus
298 2587 505 2671 epistularum
529 2592 672 2672 centum,
702 2592 992 2664 FREQUENTER·
1007 2592 1231 2653 HORTATUS
1250 2593 1303 2652 ES
1324 2628 1362 2636 —-

171 2695 238 2754 loco
260 2700 390 2754 seruant.
420 2695 537 2756 VALE.
575 2691 753 2756 recentiore
782 2712 880 2755 manu
903 2691 1014 2774 quinto
1037 2690 1159 2754 decimo
1181 2692 1308 2756 saeculo
1329 2692 1365 2755 in

170 2790 234 2854 fine
258 2791 375 2856 codicis
399 2792 523 2856 adiecta
545 2796 594 2856 est
616 2793 699 2857 sexti
720 2793 794 2857 libri
817 2791 953 2875 epistula
975 2792 1112 2874 septima
1134 2795 1167 2856 61
1188 2815 1263 2876 pars
1279 2796 1364 2857 octa-

169 2913 228 2956 vae
240 2914 340 2976 66666
355 2894 394 2956 ad
409 2916 441 2976 p.
461 2894 569 2976 133‚3
591 2906 706 2958 notura
728 2900 852 2958 cariosi.
876 2893 997 2978 singuli
1020 2892 1094 2957 libri
1115 2894 1237 2959 maiore
1259 2895 1362 2978 spatio

170 2993 281 3058 relicto
304 2997 337 3058 61
358 2995 533 3058 maioribus
555 2995 672 3059 litteris
694 2996 729 3059 in
750 2995 845 3059 initio
861 2995 976 3077 positis
991 2996 1070 3058 66116
1087 2999 1197 3078 aperte
1220 2995 1364 3060 distincti

170 3097 263 3178 sunt,
287 3095 358 3180 ipsa
379 3100 490 3160 tamen
512 3096 680 3180 inscriptio
702 3097 737 3159 in
759 3096 828 3161 solo
850 3095 989 3160 secundo
1012 3096 1095 3160 libro
1112 3097 1235 3180 addita,
1258 3099 1295 3161 in
1316 3121 1364 3163 re-

171 3196 266 3282 liquis
282 3197 310 3260 ei
326 3197 378 3261 cui
391 3197 592 3262 rubricarum
607 3219 683 3262 cura
698 3197 852 3262 mandata
867 3200 952 3280 6661,
974 3199 1010 3260 61
1024 3196 1160 3280 videtur,
1176 3198 1288 3264 relicta
1303 3202 1362 3264 661.

170 3297 310 3384 paginae
332 3302 409 3363 sunt
426 3321 576 3365 versuum
591 3300 786 3392 tricenorum
799 3302 831 3364 et
848 3302 1085 3384 quaternorum.
1096 3304 1099 3309 '
1109 3301 1144 3364 in
1164 3304 1271 3364 vetere
1287 3302 1364 3366 scri·

168 3403 264 3483 ptura
276 3401 351 3485 alia,
360 3401 416 3466 sed
429 3418 466 3467 ea
480 3424 606 3486 quoque
622 3402 755 3484 antiqua
765 3425 863 3467 manu
875 3402 1031 3486 quaedam
1043 3405 1186 3466 correcta
1199 3404 1232 3466 61
1246 3424 1363 3487 graeca

168 3502 282 3586 verba,
312 3525 393 3588 quae
408 3504 525 3589 ubique
548 3527 567 3566 a
582 3508 688 3569 vetere
703 3503 834 3568 librario
850 3504 970 3591 scripta
983 3507 1090 3587 erant,
1098 3525 1165 3568 non
1177 3504 1273 3568 nullis
1285 3504 1363 3568 locis

168 3604 272 3669 deleta
283 3608 316 3670 61
327 3604 431 3670 denuo
443 3605 573 3691 scripta,
586 3606 772 3691 plerumque
796 3607 893 3670 etiam
908 3605 1026 3670 addita
1046 3606 1150 3671 latina
1171 3607 1363 3690 interpreta-

168 3705 256 3770 tione
271 3707 307 3770 in
328 3709 476 3794 margine
490 3708 629 3793 repetita
643 3709 729 3772 sunt.
759 3728 861 3793 genus
877 3710 984 3799 autem
1006 3696 1183 3791 scripturae
1206 3710 1238 3771 61
1259 3705 1362 3772 forma

169 3999 217 4050 lius
234 4000 321 4051 strabo
340 4008 367 4050 16
385 4002 462 4051 lauda
480 4003 770 4071 morpelliasm'aerario
789 4002 884 4052 censuit
902 4001 1062 4062 inferendam
1078 4001 1138 4052 ΠΡ.
1159 3999 1294 4063 epistulas
1313 4016 1362 4049 au-

169 4075 223 4118 tem
243 4082 312 4132 quae
331 4069 359 4117 in
376 4067 503 4118 Mediceo
523 4069 616 4120 666166
634 4069 743 4119 lacunis
763 4069 908 4125 mutilatae
927 4073 1007 4117 erant
1020 4083 1053 4117 ax
1072 4068 1127 4118 alio
1141 4068 1235 4117 codiee
1253 4068 1362 4132 supple·

168 4140 226 4196 tas,
253 4136 353 4186 deinde
380 4135 489 4200 reliqua
517 4137 677 4187 eMadiceo
705 4137 845 4202 descripta
871 4144 931 4187 6666
959 4137 1063 4186 certum
1089 4135 1222 4185 indicium
1248 4137 1362 4200 praebet

168 4203 255 4267 prima
273 4203 374 4254 lacuna
392 4205 471 4269 epist.
482 4203 504 4254 ¹I
521 4207 563 4267 20,
584 4208 609 4269 7,
628 4205 677 4254 ubi
695 4220 756 4254 cum
774 4220 808 4254 ex
826 4205 919 4255 verbis
937 4204 990 4253 eum
1008 4205 1096 4255 ederet
1119 4205 1232 4255 omisisse
1254 4204 1284 4253 in
1304 4204 1361 4254 Me-

167 4269 247 4320 dieeo
266 4274 294 4320 61
313 4271 449 4322 Vaticano
468 4272 569 4322 relicta
588 4277 682 4323 essent
700 4271 785 4335 haee,
808 4275 974 4323 6616616666
991 4269 1039 4336 (61.
1057 4287 1083 4335 p.
1101 4273 1144 4334 21,
1164 4272 1220 4332 16),
1243 4272 1272 4321 in
1294 4271 1360 4321 Pra-

168 4338 247 4402 gensi
265 4354 411 4403 perperam
429 4341 560 4406 scriptum
580 4345 623 4390 661
641 4356 694 4390 cam
706 4342 795 4390 666661
806 4347 878 4391 retro
890 4342 995 4390 misisse.
1014 4338 1154 4397 sufficient
1171 4338 1250 4401 haec,
1270 4339 1361 4402 eredo,

167 4405 204 4454 ad
223 4406 355 4471 originem
375 4406 480 4458 6661616
498 4407 750 4466 demonstrandam,
770 4423 850 4472 quem
868 4405 1124 4473 Pragensiszaditor
1143 4408 1176 4456 e'x
1194 4408 1289 4456 nescio
1309 4422 1361 4470 quo

168 4472 266 4523 666166
283 4473 456 4540 Visigothieo
475 4477 568 4541 quinto
588 4475 698 4526 saeculo
716 4477 820 4540 scripto
839 4480 868 4524 61
886 4492 919 4526 ex
936 4477 999 4539 ipsa
1017 4473 1126 4524 scilicet
1144 4474 1287 4539 scriptoris
1306 4473 1360 4523 661-

167 4540 243 4592 11666
262 4540 344 4592 66616
362 4543 516 4595 derivatum
534 4544 668 4596 esse'sibi
686 4548 875 4611 persuaserat.
1072 4544 1075 4549 '
