3024 5062
294 271 538 323 sersrunaaura
560 258 897 347 ar-sc.[1a.co-ca.]
921 270 1125 337 (arn-113)
1247 262 1310 328 289

116 429 255 493 iaceant.
291 451 368 494 nam
396 432 428 494 et
454 429 656 514 praediorum
679 429 964 513 comparandorum
993 433 1047 494 aut
1072 431 1161 495 nulla
1184 435 1240 495 aut
1261 454 1310 496 ra·
1377 426 1380 431 ’

117 531 245 596 rissima
266 532 391 596 occasio
410 534 473 614 est,
497 553 558 597 nec
579 532 788 596 inveniuntur
809 533 863 616 qui
886 532 987 596 velint
1002 532 1116 597 debere
1138 535 1184 598 rei
1208 535 1310 618 publi·
1380 611 1382 614 y

117 655 189 717 cae,
219 633 408 718 praesertim
430 633 583 699 duodenis
606 633 746 716 assibus,
776 634 890 718 quanti
913 656 932 698 a
953 634 1087 718 privatis
1109 638 1308 700 mutuantur.

117 735 238 820 dispice
261 757 353 821 ergo,
384 736 526 817 dominc,
555 736 710 819 numquid
732 736 938 800 minuendam
961 759 1090 801 usuram
1113 759 1149 802 ac
1172 760 1229 822 per
1251 738 1340 804 hoc?

91 836 247 902 aidoneos
276 838 434 902 debitores
462 837 645 902 invitandos
662 841 776 920 putes,
807 841 839 902 et
869 839 896 901 si
919 860 960 902 ne
983 839 1170 918 sicquidem
1193 841 1311 925 reperi·

116 942 233 1022 untur,
262 939 515 1024 distribuendam
544 939 630 1002 inter
657 940 844 1004 decuriones
867 941 1053 1024 pecuniam,
1088 941 1135 1004 ita
1161 944 1198 1005 ut
1224 946 1311 1006 recte

116 1042 163 1104 rei
190 1040 338 1125 publicae
367 1044 516 1124 caveant3
549 1041 634 1124 quod
664 1063 857 1125 quamquam
885 1042 996 1105 invitis
1030 1047 1063 1105 et
1090 1045 1311 1108 recusantibus

116 1140 224 1205 minus
246 1142 396 1206 acerbum
419 1144 480 1207 erit
500 1142 618 1206 leviore
641 1165 737 1207 usura
762 1143 878 1207 constit
900 1147 944 1208 ta.

496 1398 513 1405 Ι,
592 1312 660 1378 LV.
686 1312 828 1402 [LXIH.]

81 1443 106 1481 a
548 1433 731 1486 nullanus
748 1424 881 1485 'Panno

202 1549 248 1614 Et
269 1549 337 1633 ipse
352 1572 418 1615 non
439 1551 525 1614 aliud
546 1549 721 1615 remedium
736 1550 870 1635 dispicio
876 1543 888 1634 ‚¹
909 1552 953 1615 mi
969 1551 1113 1618 Secunde
1137 1554 1310 1638 carissime,

117 1673 212 1736 quam
235 1655 272 1716 ut
286 1653 451 1735 quantitas
472 1674 640 1716 usurarum
654 1653 836 1735 minuatur,
860 1675 921 1737 quo
943 1653 1069 1718 facilius
1084 1657 1240 1739 pecuniae
1254 1680 1312 1742 pu-

116 1754 220 1818 blicae
244 1753 449 1818 collocentur.
481 1754 609 1818 modum
625 1756 692 1818 cius
715 1776 753 1818 ex
777 1754 869 1838 copia
885 1751 993 1819 eorum
1008 1757 1062 1840 qui
1078 1758 1312 1824 mutuabuntur

117 1859 152 1919 tu
175 1856 362 1920 constitues.
393 1855 511 1920 invitos
534 1857 574 1919 ad
597 1855 817 1940 accipiendum
842 1856 1042 1941 compellere,
1067 1859 1150 1942 quod
1164 1860 1311 1924 fortassis

84 1971 105 2012 ¹⁵
117 1958 195 2042 ipsis
206 1957 344 2022 otiosum
358 1957 501 2021 futurum
517 1959 569 2041 sit,
594 1980 658 2022 non
673 1961 772 2023 estex
787 1958 910 2023 iustitia
922 1963 1103 2025 nostrorum
1120 1964 1309 2044 temporum.

578 2128 662 2193 avr.
686 2127 846 2218 [amira]
929 2126 933 2135 ·

399 2250 427 2301 0.
447 2251 593 2302 PLINIUS
612 2251 773 2301 TRAIANO
792 2252 1022 2302 IMPERATORI

203 2367 365 2450 Summas,
390 2367 532 2451 domine,
555 2367 677 2451 gratias
699 2388 777 2451 age,
802 2366 884 2451 quod
907 2367 993 2431 inter
1007 2369 1162 2432 maximas
1178 2374 1339 2454 occupa-l

118 2471 222 2536 tiones
250 2477 281 2535 ln
308 2470 347 2536 iis
375 2469 413 2534 de
436 2470 549 2554 quibus
571 2472 604 2532 te
632 2469 778 2533 consului
805 2491 856 2533 mc
878 2490 1001 2553 quoque
1023 2491 1135 2554 regere
1158 2470 1309 2555 dignatus

84 2587 165 2637 locs:
194 2572 279 2655 quod
301 2593 386 2634 nunc
402 2589 535 2656 'quoque
562 2570 664 2634 facias
692 2592 780 2657 rogo.
818 2570 898 2633 adiit
925 2571 1011 2634 enirn
1032 2594 1083 2635 me
1106 2571 1234 2656 quidam
1261 2573 1339 2637 inu

118 2673 299 2757 dicavitque
322 2672 517 2736 adversarios
540 2695 612 2737 suos
636 2695 655 2736 a
677 2671 811 2737 Servilio
834 2671 945 2755 Calvo,
969 2672 1146 2737 clarissimo
1172 2675 1250 2757 vim,
1273 2675 1308 2738 in

117 2775 294 2855 triennium
315 2773 476 2858 relegatos
498 2775 533 2838 in
552 2774 718 2859 provincia
733 2774 865 2837 morari:
889 2774 937 2836 illi
953 2777 1064 2838 contra
1087 2775 1127 2838 ab
1150 2776 1257 2840 eodem
1275 2798 1308 2840 se

117 2877 284 2942 restitutos
307 2875 556 2940 adfirmaverunt
578 2876 779 2960 edictumque
800 2875 1028 2939 recitaverunt.
1066 2898 1128 2960 qua
1150 2899 1190 2942 ex
1212 2899 1308 2942 causa
1384 2896 1393 2913 ·

116 2978 332 3045 necessarium
347 2977 467 3042 credidi
482 2998 549 3041 rem
570 2978 732 3062 integram
748 2978 787 3042 ad
810 2980 842 3041 te
864 2977 994 3042 referre.
1025 3000 1100 3041 nam
1116 2978 1198 3043 sicut
1221 2982 1338 3046 man-3

82 3081 201 3146 nauus
223 3081 288 3146 tuis
311 3082 440 3144 cautum
463 3081 511 3143 est
533 3101 574 3142 ne
596 3079 763 3143 restituam
787 3079 827 3143 ab
856 3079 918 3143 alio
941 3083 997 3143 aut
1019 3102 1038 3143 a
1060 3101 1110 3144 me
1137 3081 1307 3166 relegatos,

116 3183 163 3247 ita
190 3183 229 3247 de
261 3183 301 3247 iis
330 3204 408 3266 quos
432 3181 513 3246 alius
535 3184 567 3246 et
588 3181 782 3265 relegaverit
809 3184 842 3246 et
864 3182 1043 3246 restituerit
1064 3181 1146 3245 nihil
1169 3205 1309 3267 compre-

116 3283 253 3349 hensum
276 3287 334 3348 est.
365 3284 436 3348 ideo
459 3286 509 3366 tu,
533 3283 676 3366 domine,
702 3283 914 3347 consulendus
936 3283 1028 3347 fuisti
1043 3284 1118 3366 quid
1140 3285 1308 3350 observare

116 3407 167 3450 me
188 3386 287 3450 velles
294 3436 302 3466 ‚
317 3375 398 3451 ¹tam
425 3384 553 3450 hercule
576 3407 672 3469 quam
703 3385 741 3448 de
763 3385 802 3449 iis
825 3385 878 3469 qui
905 3386 940 3449 in
963 3389 1152 3469 perpetuum
1174 3387 1309 3471 relegati

116 3509 178 3552 nec
198 3486 343 3552 restituti
362 3488 397 3552 in
412 3487 578 3572 provincia
593 3486 883 3571 deprehenduntur.
913 3508 989 3550 nam
1005 3487 1084 3551 haec
1100 3509 1223 3572 quoque
1238 3490 1339 3572 spe-4

80 3604 104 3644 ³⁰
118 3591 181 3655 cies
203 3589 320 3654 incidit
340 3589 375 3653 in
398 3590 616 3675 cognitionem
638 3612 752 3653 meam.
784 3591 833 3652 est
853 3588 939 3652 enim
962 3589 1117 3654 adductus
1139 3590 1179 3652 ad
1200 3611 1251 3653 me
1273 3591 1308 3654 in

116 3695 307 3778 perpetuum
321 3691 482 3777 relegatus
501 3692 617 3756 alulio
632 3691 733 3755 Basso
747 3691 947 3775 proconsule.
979 3712 1055 3776 ego,
1078 3691 1153 3775 quia
1168 3691 1308 3755 sciebam

184 3921 201 3969 3
219 3917 354 3968 duodenis
368 3918 476 3968 assibus
486 3918 568 3967 deleri
578 3919 654 3967 uoluit
665 3917 689 3966 Ι.
702 3917 735 3968 Α.
749 3917 889 3975 Eruesliua
909 3917 999 3966 usuris
1014 3916 1120 3966 assibus
1134 3915 1271 3967 Salmasius
1284 3923 1310 3967 el

116 3985 143 4038 l.
163 3986 192 4036 F.
213 3985 355 4037 Gronovius
372 3989 404 4037 de
422 3993 515 4036 centes.
534 4001 602 4034 usur.
620 4002 646 4048 p.
665 3988 723 4034 488.
741 3988 800 4036 555.
820 3987 870 4034 622
890 3986 929 4034 ed.
949 3985 1033 4049 Luqd.
1057 3985 1165 4036 a.1691
1251 4001 1307 4035 mu-

116 4059 233 4104 tuantur
256 4054 401 4105 Beroaldus
419 4069 435 4102 a
453 4054 611 4102 muniantur
628 4053 651 4101 A
765 4054 832 4103 bne
852 4052 892 4101 sio
912 4052 1019 4116 quidem
1040 4050 1196 4102 Calanaeus²
1215 4069 1248 4102 ne
1267 4055 1308 4103 sic
1354 4092 1359 4101 .

114 4123 138 4173 A
156 4138 210 4172 uec
227 4122 269 4172 sic
288 4121 395 4173 Orellius
497 4124 512 4172 6
531 4119 751 4170 distribuendam
769 4121 913 4170 Calaaueus
931 4135 947 4170 a
964 4119 1181 4170 distribuendum
1199 4121 1222 4169 A

184 4191 236 4243 LV
255 4193 285 4240 12
305 4205 357 4254 quo
376 4189 488 4240 facilius
506 4188 653 4239 Beroaldus
670 4201 687 4236 a
705 4188 751 4251 qui
769 4187 879 4237 facilius
900 4187 923 4235 A
1028 4190 1058 4238 13
1076 4189 1274 4238 mutuabuntur
1292 4203 1309 4238 a

113 4259 299 4310 mutabuntur
315 4259 339 4306 A
408 4259 439 4308 15
458 4255 584 4320 otiosum]
603 4271 746 4307 onerosum
764 4255 910 4306 Beroaldus

184 4327 248 4377 LVI
268 4324 442 4377 Consultatio
461 4340 544 4390 super
561 4325 737 4375 restitutione
756 4323 844 4373 exulis
862 4323 997 4374 .XXXV.
1016 4324 1039 4376 A
1153 4325 1184 4375 18
1203 4325 1308 4389 quoda

114 4396 204 4461 quiA
247 4395 290 4445 ·19
308 4394 337 4442 in
356 4393 391 4442 iis
412 4394 433 4443 I.
453 4394 487 4444 Α.
506 4392 655 4443 Erneslius:
675 4394 703 4441 in
720 4393 808 4446 om.A
854 4394 886 4443 23
906 4407 959 4456 qua
978 4393 1102 4442 causaA
1153 4394 1186 4441 26
1206 4408 1308 4457 quasa

113 4464 242 4530 equosA
312 4463 345 4511 28
363 4466 419 4511 tam
438 4461 556 4512 Hercule
574 4461 607 4512 de
626 4461 668 4511 his
687 4475 768 4525 quam
787 4460 820 4510 de
838 4460 895 4510 illis
915 4460 960 4524 qui
978 4475 994 4508 a
1072 4460 1105 4510 de
1123 4460 1207 4510 hisA
1347 4469 1348 4472 ’

113 4536 145 4584 31
167 4546 184 4582 a
200 4530 273 4582 Iulio
291 4529 436 4580 calcaneus
454 4542 481 4578 a:
501 4544 517 4578 a
536 4545 582 4582 ora.
601 4530 624 4578 A

165 4615 235 4660 Pnurr
247 4622 320 4654 nisu.
333 4622 370 4654 m.
383 4612 451 4654 Ilum.
1075 4616 1104 4664 19
