3024 5062
184 274 247 341 254
705 289 735 340 α.
759 250 855 338 amm

183 448 292 530 munt,
316 447 495 528 παράβολα,
529 445 600 509 ideo
622 466 823 529 nequaquam
848 467 907 528 par
934 444 1160 529 gubernatoris
1189 446 1239 508 est
1267 444 1378 528 virtus,

185 569 256 611 oum
278 547 404 632 placido
427 549 459 610 et
482 567 553 610 cum
574 545 703 610 turbato
718 546 800 611 mari
821 546 963 611 vehitur:
986 549 1065 611 tuno
1088 545 1268 610 admirante
1290 545 1379 610 nullo

183 648 368 713 inlaudatus
390 647 583 733 ingloriosus
599 647 685 712 subit
706 651 848 733 portum
871 649 905 712 at
928 669 999 712 cum
1017 647 1159 712 stridunt
1178 648 1286 732 funes,
1310 669 1378 711 cur-

183 753 277 815 vatur
298 750 408 834 arbor,
433 749 652 835 gubernacula
674 753 823 835 gemunt,
853 752 932 815 tunc
953 749 1007 814 ille
1030 749 1134 815 olarua
1157 752 1190 814 et
1211 749 1260 814 dia
1282 749 1380 814 maris

153 853 355 937 bproximus.
400 873 456 916 our
482 850 588 917 haee?
620 851 695 936 quia
723 852 809 917 visus
839 873 872 916 es
899 851 979 916 mihi
1006 852 1041 916 in
1070 851 1201 937 scriptis
1223 851 1303 917 meis
1327 851 1407 916 ad-⁵

183 957 312 1018 notasse
327 953 480 1038 quaedam
495 956 532 1017 ut
546 953 683 1037 tumida,
706 974 787 1037 quae
803 974 863 1038 ego
878 953 1043 1037 sublimia,
1067 955 1105 1018 ut
1125 953 1274 1038 inproba,
1297 975 1380 1038 quae

184 1077 244 1140 ego
266 1056 433 1139 audentia,
462 1059 500 1121 ut
520 1055 636 1138 nimia,
665 1077 746 1140 quae
774 1076 834 1140 ego
862 1054 959 1140 plena
981 1054 1172 1120 arbitrabar.
1205 1055 1381 1140 plurimum

154 1159 291 1223 dautem
314 1157 430 1241 refert,
458 1155 721 1242 reprehendenda
743 1156 877 1221 adnotes
899 1179 943 1222 an
970 1156 1124 1243 insignia.
1164 1158 1269 1221 omnis
1292 1158 1381 1222 enirn

184 1259 320 1324 advertit
342 1258 426 1343 quod
448 1260 568 1324 eminet
589 1262 622 1323 et
644 1261 747 1342 extat3
770 1259 825 1322 sed
847 1260 913 1324 acri
935 1259 1116 1326 intentione
1137 1259 1381 1325 diiudicandum

184 1362 247 1442 eet,
271 1361 466 1425 inmodicum
488 1361 531 1425 sit
553 1383 596 1425 an
618 1360 756 1446 grande,
779 1360 880 1424 altum
901 1383 945 1424 an
966 1381 1107 1425 enorme.
1141 1363 1238 1444 atque
1260 1363 1297 1425 ut
1313 1360 1380 1425 Hc
1396 1376 1420 1416 ιο

184 1482 305 1525 merum
320 1461 522 1546 potissimum
543 1462 720 1546 attingam,
744 1482 838 1546 quem
853 1461 984 1526 tandem
999 1461 1188 1526 alterutram
1202 1462 1238 1525 in
1252 1465 1381 1546 partem

184 1567 291 1646 potest
311 1564 424 1649 fugere
452 1565 534 1646 ἀμφὶ
562 1567 597 1629 δὲ
626 1565 793 1641 εάλπιγξεν
822 1565 920 1644 μέγα(
948 1563 1104 1646 οὐρανός,
1128 1564 1197 1643 ἠέρι
1226 1567 1255 1629 δ’
1281 1565 1381 1645 ἔγχος

155 1666 325 1734 Ἱέκέκλιτο
348 1668 498 1730 ettotam
519 1665 597 1729 illud
613 1666 688 1731 οὔτε
704 1667 858 1746 θαλάεεη(
873 1670 957 1748 κῦμα
978 1668 1074 1732 τόκον
1098 1663 1205 1750 tortu?
1226 1665 1282 1729 sed
1298 1686 1381 1750 opus
1414 1681 1418 1684 ·

184 1769 233 1829 est
254 1767 399 1830 examine
422 1769 454 1830 et
475 1765 572 1850 libra,
596 1766 797 1830 incredibilia
818 1767 884 1831 sint
905 1765 984 1831 haec
999 1770 1033 1833 et
1053 1767 1165 1846 inania
1187 1789 1231 1831 an
1252 1769 1381 1854 magni-

183 1867 244 1932 fica
273 1872 305 1933 et
333 1868 492 1932 caelestia.
526 1889 587 1933 neo
608 1889 696 1931 nunc
724 1879 784 1952 ego
805 1889 857 1932 me
878 1867 929 1932 his
958 1868 1075 1932 similia
1102 1872 1159 1932 aut
1180 1868 1300 1933 dixisse
1322 1873 1381 1936 aut
1395 1894 1419 1934 ra

182 1991 276 2054 posse
297 1971 401 2036 dicere
422 1974 514 2054 puto:
543 1970 677 2034 nonita
703 1969 845 2053 insani03
874 1969 929 2034 sed
956 1967 1018 2033 hoc
1045 1969 1193 2055 intellegi
1214 1971 1304 2055 volo,
1333 1972 1380 2036 la-

183 2073 305 2137 xandos
321 2094 389 2138 esse
404 2072 603 2157 eloquentiae
624 2071 733 2135 frenos
748 2092 809 2135 nec
825 2071 1055 2156 angustissimo
1070 2093 1150 2157 gyro
1172 2073 1380 2158 ingeniorum

155 2174 330 2258 8impetus'
343 2173 577 2259 refringendos.
612 2173 751 2257 atenim
774 2172 837 2237 alia
853 2172 996 2237 condicio
1017 2167 1195 2256 oratorum,
1219 2175 1284 2239 alia
1306 2197 1380 2261 poe

184 2281 300 2340 tarum.
341 2276 528 2360 quasivero
556 2274 600 2338 M.
624 2272 746 2338 Tullius
774 2274 880 2337 minus
907 2274 1033 2338 audeat.
1072 2296 1267 2360 quamquam
1292 2276 1379 2342 hunc

184 2502 386 2511 ...ῳ-...-

254 2659 267 2704 1
287 2651 447 2719 παράβολα]
466 2667 518 2718 que
537 2651 636 2719 grandi
650 2657 714 2702 sunt
732 2652 861 2702 subiecta
879 2652 1029 2702 discrimini
1046 2659 1168 2720 sequente
1185 2657 1279 2707 laeana
1295 2670 1310 2706 r
1326 2670 1377 2709 πα-

184 2722 287 2788 ράδοξα
314 2738 384 2787 quae
412 2722 510 2787 grandi
537 2727 601 2771 aunt
627 2720 752 2770 subiecta
769 2720 923 2770 discrimini
942 2720 1099 2781 Coronaeus,
1125 2722 1153 2771 in
1171 2722 1264 2774 lucana
1281 2738 1328 2780 om.
1349 2739 1374 2791 p,

183 2795 249 2843 sicut
263 2793 366 2857 reliquo
383 2806 449 2856 qaae
464 2805 559 2855 ρκοεοε
575 2791 676 2854 scripta
691 2796 749 2839 sunt
834 2803 924 2853 nequa
942 2803 1053 2853 compar
1063 2801 1100 2851 pr
1110 2802 1289 2858 nequaquam
1307 2809 1375 2845 ecm-

184 2870 268 2926 ραις
337 2861 400 2908 tet
418 2873 478 2908 cum
495 2859 562 2906 Mra
580 2864 628 2907 aut
647 2872 707 2907 cum
724 2858 789 2918 Βρς
874 2848 984 2907 turbido
1001 2857 1024 2904 D
1128 2858 1284 2911 admirante
1301 2860 1374 2912 nullo

183 2929 233 2976 Ha
249 2925 409 2976 inlaudante
427 2924 501 2976 nullo
519 2928 540 2974 1)
559 2925 689 2974 laudante
707 2923 784 2975 nullo
801 2938 836 2988 pr
903 2927 919 2975 3
937 2922 1095 2974 inlaudatur
1111 2921 1140 2974 11
1207 2926 1373 2994 ingloriosus

184 2996 212 3043 it
229 2994 362 3060 inglorius
379 2995 462 3057 Dpra
491 2991 494 2996 ’
558 2993 673 3043 adeum
690 2993 718 3040 λῐ
804 2996 934 3042 curuatur
955 2992 1004 3041 lia
1025 2994 1152 3044 turbatur
1167 2996 1212 3058 Dp
1231 2996 1373 3049 catanam

184 3063 260 3114 labat
278 3074 315 3117 νς
398 3066 415 3111 4
433 3061 535 3111 elarius
553 3074 569 3109 a
647 3064 663 3111 5
682 3076 731 3111 our
747 3060 816 3110 haee
836 3060 901 3126 quia
918 3060 995 3110 uisus
1014 3075 1043 3110 es
1063 3060 1117 3124 (est
1133 3058 1162 3126 μ)
1179 3077 1219 3126 pa
1237 3056 1308 3129 quur
1323 3065 1373 3116 hoo

185 3131 249 3195 quia
267 3132 343 3180 uisus
363 3135 404 3179 est
420 3131 442 3178 1>
460 3128 531 3179 haec
550 3129 615 3193 quia
632 3129 709 3179 uisus
728 3144 758 3178 es
770 3129 799 3176 1
815 3143 863 3178 cur
880 3126 931 3179 hoc
943 3127 1020 3178 uisus
1039 3132 1081 3179 est
1093 3141 1129 3184 νς
1144 3144 1196 3180 eur
1213 3131 1283 3183 haec
1299 3133 1371 3184 uicus

185 3214 215 3249 es
235 3199 377 3249 Oataaaeus
428 3198 444 3246 6
463 3197 597 3262 quaedam
615 3203 645 3247 ut
663 3197 769 3247 tumida
788 3211 857 3262 quae
876 3211 928 3260 ego
946 3195 1075 3247 sublimia
1092 3203 1122 3246 ut
1139 3198 1201 3262 (aut
1212 3198 1240 3262 a)
1260 3201 1371 3266 inproba

185 3282 255 3331 quae
274 3282 325 3332 ego
344 3265 486 3316 audientia
505 3264 649 3329 (audentia
667 3261 775 3330 Αἰακοὶ)
793 3270 825 3314 ut
842 3261 940 3327 (anta)
959 3264 1045 3314 nimia
1063 3265 1110 3313 Ua
1128 3264 1370 3334 quaedam'(quen-

185 3336 247 3385 dam
264 3334 297 3396 D)
325 3338 356 3383 ut
382 3333 488 3383 tumida
507 3333 639 3398 quaedam
665 3340 697 3382 ut
715 3333 844 3382 sublimia
868 3336 917 3382 aut
937 3332 1062 3397 improba
1080 3332 1205 3384 audienti
1223 3339 1273 3385 aut
1290 3336 1371 3386 nimia

183 3404 243 3466 Ilpa·
311 3401 505 3453 'Iarbitrabar
522 3406 553 3450 ut
570 3401 749 3466 plurimump
834 3399 1038 3464 8reprehenda
1056 3402 1084 3449 11
1163 3402 1370 3464 9iudicandum

185 3477 228 3522 est
244 3474 307 3533 npr
404 3472 436 3520 10
454 3468 620 3519 inmodicum
637 3472 675 3519 sit
692 3471 762 3530 upa
786 3483 823 3518 an
840 3467 978 3518 modicum
996 3469 1034 3518 sit
1049 3470 1071 3516 1)
1090 3484 1127 3520 an
1144 3470 1320 3523 immodicum
1338 3473 1371 3522 sit

183 3552 218 3595 τς
304 3537 392 3602 adque
411 3539 439 3586 1
542 3540 570 3585 11
592 3534 713 3602 tandem]
734 3535 895 3586 tantundem
912 3537 974 3599 Dpr
1075 3536 1194 3588 alteram
1211 3539 1239 3586 11
1341 3539 1370 3590 12

183 3600 1061 3673 ΛΜΦλδΕΕΜξΕΝΜΕΤΛωΥΡΛΝΟΕΗΕΡΙΛΕΝΧΟΕΕΚδΙΤΟ
1080 3605 1109 3652 11
1131 3601 1216 3670 βράχε
1233 3604 1264 3658 δ’
1282 3606 1370 3674 εὐρεῖα

183 3674 262 3739 χθὼν
280 3673 351 3739 ἀμφὶ
367 3701 401 3710 -
418 3671 539 3737 οὐρανός
558 3674 713 3723 Catoaoeuo:
737 3670 808 3736 ἀμφὶ
828 3698 862 3709 -
883 3669 1007 3723 ἐκέκλιτο
1025 3679 1051 3722 et
1068 3670 1135 3724 οὔτε
1152 3700 1187 3709 -
1205 3669 1276 3742 βοάᾳ
1294 3678 1319 3727 in
1334 3679 1371 3727 ia·

183 3746 254 3794 cunis
279 3759 326 3793 om.
353 3756 379 3791 r:
409 3742 512 3793 Homer.
536 3742 570 3791 Il.
599 3739 623 3793 Φ
644 3744 702 3795 388.
724 3739 810 3791 Ε356
928 3737 1050 3804 οὔρανὸ(
1072 3740 1137 3806 περὶ
1162 3740 1194 3792 δὲ
1220 3738 1301 3808 χθὼν
1317 3741 1370 3796 ἐκέ·

184 3811 262 3863 κλιτο
289 3808 356 3861 οὔτε
384 3808 509 3872 κύματος
536 3806 642 3872 ὄμβρον
668 3809 714 3858 sed
737 3824 805 3873 opus
822 3809 845 3856 11
948 3811 980 3858 13
999 3801 1068 3858 illud
1086 3806 1371 3866 correeaaa'cctic

185 3874 499 3931 KYMATOCCONBOA
518 3876 567 3926 sed
582 3879 610 3926 11
626 3875 696 3926 illud
719 3875 781 3927 οὔτι
803 3873 939 3941 calcem<
961 3875 1084 3939 κύματος
1107 3873 1250 3941 (υμβολαί.
1287 3880 1339 3931 Sed
1355 3895 1371 3928 a

183 3947 249 3996 illud
268 3944 308 3998 ὼ(
325 3944 355 3995 δ’
373 3944 422 3996 ὅτε
440 3942 583 4008 χείμαρροι
600 3944 722 4008 ποταμοὶ
741 3944 809 3995 κατ’
826 3942 924 4008 dorcet
936 3941 1052 4007 ῥέοντε(
1070 3942 1099 3995 ἐ(
1112 3941 1294 4008 μιεγάγκειαν
1311 3963 1370 4012 cuu-

183 4013 302 4077 βάλετον
320 4012 456 4077 ὄμβριμον
473 4012 550 4076 ὕδωρ
567 4015 697 4076 κρουνῶν
714 4011 744 4063 ἐκ
763 4011 895 4075 μεγάλων
913 4009 1009 4077 κοίλη(
1026 4011 1140 4064 ἔντοεθε
1160 4013 1302 4082 χαράδρης
1326 4017 1369 4066 Ca-

183 4092 305 4134 tonoeus:
323 4083 399 4132 Hom.
418 4082 453 4131 Il.
471 4080 496 4133 Ξ
515 4084 567 4132 394
636 4083 669 4131 14
688 4081 810 4131 examine
836 4085 864 4131 et
882 4080 955 4130 libra
973 4081 1147 4131 incredibilia
1164 4094 1224 4137 rea
1247 4085 1369 4135 examine

182 4149 356 4200 incredibilia
373 4152 416 4212 Dp
435 4149 560 4199 examine
577 4154 604 4200 et
615 4150 693 4200 libra
710 4150 806 4213 inquid
819 4148 994 4199 incredibilia
1005 4145 1033 4198 11
1051 4150 1178 4202 examine
1198 4156 1226 4201 et
1244 4151 1316 4203 libra
1332 4153 1369 4202 in·

183 4235 264 4284 quam
281 4217 454 4268 incredibilia
473 4218 574 4268 Certim
659 4219 715 4268 sint
731 4218 803 4267 haec
820 4218 891 4271 lisa
914 4222 977 4267 sunt
994 4217 1065 4268 haec
1081 4219 1145 4282 Dpr
1231 4225 1261 4271 et
1277 4220 1369 4272 inania

183 4304 219 4337 an
237 4285 383 4350 magnifica
402 4291 430 4336 et
447 4284 584 4337 caelestia
601 4289 649 4335 lia
667 4290 695 4336 et
712 4285 809 4336 inania
836 4286 876 4348 (et
892 4286 1025 4335 immania
1040 4283 1070 4352 p)
1098 4301 1131 4336 ac
1148 4301 1193 4338 ma
1214 4287 1297 4340 nifica
1312 4302 1370 4341 coe·

182 4355 266 4406 leatia
283 4356 327 4417 Dp
345 4369 381 4403 an
398 4355 528 4403 immania
547 4369 583 4404 an
599 4353 748 4419 magnifica
765 4369 801 4403 an
820 4353 955 4404 caelestia
972 4365 1007 4408 ις
1093 4355 1125 4406 15
1142 4303 1212 4420 naal
1227 4370 1297 4407 nea
1371 4351 1374 4356 ’

183 4440 234 4489 ego
253 4422 351 4472 mehis
369 4421 472 4473 similia
489 4423 539 4470 lia
566 4437 617 4486 ego
635 4424 689 4472 mci
707 4421 810 4471 similia
827 4423 871 4484 Dp
899 4437 951 4487 ego
969 4421 1070 4472 similia
1087 4436 1102 4471 r
1119 4438 1171 4488 ego
1189 4438 1233 4474 me
1253 4426 1280 4476 ei
1297 4424 1368 4475 simi-

181 4491 255 4546 lias
324 4492 355 4540 16
372 4487 451 4556 puto]
471 4494 536 4555 peto
552 4491 575 4538 D
643 4487 707 4555 hoc]
726 4489 768 4539 ita
785 4491 813 4537 11
892 4490 989 4552 nolop
1058 4492 1090 4542 17
1109 4489 1299 4558 eloquentiae]
1317 4492 1368 4543 cle·

182 4560 341 4608 manticen
411 4559 504 4609 frenos
523 4556 580 4609 alia
598 4558 670 4609 enim
689 4557 747 4608 alia
766 4558 887 4609 conditio
910 4557 977 4622 (rell.
996 4557 1055 4624 om.)
1073 4561 1100 4610 Ι
1170 4563 1203 4613 19
1225 4558 1368 4612 tulliani)
