3024 5062
218 263 292 312 xtill
712 256 920 305 PRAEFATIO.

218 418 283 482 lere
305 437 364 480 nos
387 414 506 480 debent
527 435 607 498 quae
623 411 780 496 Georgius
796 408 1028 493 Cuspinianus‚
1053 407 1107 491 qui
1128 406 1218 470 illum
1240 404 1414 471 editionem

220 517 357 600 curavit,
381 515 419 580 de
442 515 548 600 patrui
570 512 684 578 studiis
705 512 835 596 scripsit
856 511 890 575 in
913 510 1049 594 epistula
1064 508 1250 593 praemisse,
1273 517 1302 572 et
1317 527 1413 587 quan-

218 641 308 699 111111
331 626 391 682 iam
413 625 520 696 inpetis
541 622 683 681 moliatur
705 635 797 695 opus,
826 618 864 675 de
887 617 1061 677 Consulibus
1089 632 1128 675 ac
1151 614 1333 674 Caesaribus
1354 613 1413 673 no

219 728 331 798 manis,
357 740 450 799 usque
472 725 515 782 ad
535 727 640 782 nostra
662 722 800 792 saecula,
825 720 907 793 quod
930 719 1080 789 adfinem
1102 719 1162 775 iam
1175 732 1252 791 pene
1274 715 1412 789 deduxit,

218 844 278 887 111
301 826 471 886 intermittit
492 831 591 883 tamen
614 823 768 882 succisivis
789 822 891 894 boris,
916 822 944 880 si
964 820 1039 894 quid
1052 819 1204 879 interdum
1227 819 1288 877 ocii
1307 822 1437 887 nactus!

219 927 336 1004 suerit,
359 927 432 1001 puin
456 926 627 1000 deprauata
649 923 798 996 emendet,
824 939 862 982 aa
876 924 1015 982 mutilata
1030 923 1178 980 restituat.
1218 918 1305 990 Quod
1315 935 1416 992 nuper

219 1032 252 1089 in
273 1030 320 1088 bis
347 1027 545 1100 Panepyrieis
573 1027 617 1084 ita
645 1025 825 1101 diiipenter,
853 1027 896 1082 ita
925 1028 1070 1082 acemate
1092 1022 1263 1097 praestitit,
1293 1027 1326 1080 ut
1353 1023 1415 1080 iem
1496 1005 1498 1009 ’

218 1131 324 1189 merito
346 1129 393 1188 iiii
412 1141 480 1186 suos
512 1132 634 1185 autores
667 1131 843 1200 apnascant.
882 1123 960 1182 Nam
973 1130 1098 1198 praeter
1119 1124 1194 1199 boo,
1217 1124 1299 1197 quod
1319 1125 1415 1183 multa

217 1237 307 1292 erant
323 1243 490 1307 perperam
505 1228 536 1286 in
552 1227 599 1286 bis
613 1228 842 1301 elepantissimis
858 1225 1044 1287 orationibus
1058 1227 1181 1285 1111111
1203 1240 1242 1283 ac
1255 1231 1412 1299 corrupta,

219 1335 354 1407 intepras
375 1332 464 1391 etiam
487 1329 612 1387 ebertus
634 1329 686 1387 iiie
712 1336 813 1388 noster
829 1344 947 1404 parens
976 1329 1127 1402 repperit,
1157 1329 1188 1386 in
1211 1327 1416 1387 uetustissimis

218 1436 279 1494 suis
299 1429 539 1506 exemplaribus,
564 1445 602 1489 ac
617 1431 757 1489 restituit.
794 1446 868 1489 nam
898 1445 969 1489 eum
993 1422 1207 1507 compluribus
1230 1423 1308 1488 loeis
1329 1423 1414 1488 lecu-

215 1542 292 1614 nae,
314 1549 396 1613 quse
417 1528 453 1592 in
474 1525 564 1590 libris
586 1546 685 1591 manu
707 1525 835 1609 scriptis
859 1529 891 1590 et
913 1529 989 1590 snte
1012 1525 1106 1590 editis
1122 1544 1190 1589 esse
1212 1523 1412 1607 videbantur,

218 1632 254 1696 in
276 1627 466 1714 Cuspinisni
489 1626 628 1691 editione
650 1627 796 1710 expletae
817 1626 900 1710 sint,
924 1648 960 1691 en
982 1625 1091 1690 omniu
1112 1646 1193 1708 quae
1221 1626 1262 1690 ab
1284 1625 1340 1690 illo
1362 1626 1415 1690 ad-

219 1733 286 1797 dita
309 1734 402 1797 erant
425 1751 462 1793 ex
485 1727 622 1812 integris
644 1727 716 1792 istis
739 1728 859 1793 chartis
874 1731 1005 1813 recepta
1027 1749 1095 1792 esse
1117 1731 1237 1793 temere
1260 1727 1415 1793 creditum
1438 1720 1441 1724 ⁸

220 1837 270 1899 est
292 1836 324 1897 et
346 1853 434 1897 nune
456 1831 552 1894 otiam
576 1849 595 1892 1
618 1828 777 1913 plerisque
799 1829 947 1895 ereditur.
984 1829 1085 1914 igitur
1106 1831 1144 1892 ut
1164 1829 1282 1894 rectius
1304 1829 1343 1894 de
1364 1829 1415 1893 his

219 1936 394 2016 iudicetur,
422 1931 602 1996 adscribam
631 1933 791 2016 exemplu,
819 1932 855 1996 in
883 1931 997 2016 quibus
1025 1953 1062 1997 eu
1089 1952 1170 2015 quse
1199 1930 1415 2015 Cuspiniunus

220 2036 342 2101 addidit
369 2034 460 2099 uncis
487 2028 612 2098 inclina
640 2032 785 2117 exhibui,
815 2055 846 2117 p.
870 2032 943 2116 320,
975 2032 1014 2097 16
1041 2039 1222 2114 capitanus,
1254 2030 1415 2119 [quamsit

220 2133 402 2223 indipnum,]
425 2142 453 2200 si
474 2141 572 2199 mains
587 2140 782 2216 principibus
791 2147 978 2216 praestemus
1000 2142 1182 2216 obsequium.
1206 2134 1280 2218 336,
1294 2134 1337 2198 20
1351 2156 1413 2199 ma-

219 2253 269 2305 net
296 2243 474 2318 imperatori
500 2256 578 2315 quae
600 2242 692 2317 prior
720 2244 782 2302 eris
810 2238 999 2316 humanitas,
1031 2234 1172 2324 [dextrae
1198 2242 1383 2302 11111111111
1391 2235 1412 2324 1

219 2345 377 2405 incedebas
397 2342 534 2418 pedibus.
572 2337 646 2419 344,
669 2338 690 2402 5
712 2345 838 2404 uidimus
861 2346 1031 2405 delatorum
1047 2361 1155 2418 apmeu
1177 2343 1334 2405 inductum
1356 2359 1415 2422 pro

220 2446 346 2506 uidimus
374 2445 543 2505 deletorum
571 2445 734 2517 iudicium,
766 2441 820 2504 ubi
849 2447 1003 2506 inductum
1032 2462 1090 2525 pro
1117 2446 1261 2505 iudicium
1288 2441 1323 2505 in
1349 2461 1416 2504 nou

220 2542 318 2607 nullis
341 2540 502 2606 codicibus
524 2540 652 2624 legitur.
676 2542 748 2624 350,
774 2545 787 2605 1
821 2556 853 2606 ut
873 2550 901 2607 si
921 2548 997 2608 nibil
1019 2549 1204 2623 rapuissent,
1232 2539 1415 2630 [1111111111-

220 2645 377 2727 nauseet]
401 2645 555 2719 defuerint
577 2649 687 2708 omnia.
711 2645 784 2726 354,
810 2644 848 2707 12
870 2651 944 2709 maii
964 2682 1005 2691 —
1028 2667 1083 2708 nec
1106 2652 1209 2709 timent
1232 2652 1415 2710 11111111-

221 2760 285 2811 tur:
311 2743 467 2832 [uitiorum
491 2751 706 2824 poenitentiam
741 2748 915 2830 expectas]
950 2753 1079 2812 mederis
1104 2752 1269 2811 erroribus.
1294 2747 1372 2829 360,
1395 2746 1415 2811 5

219 2860 248 2912 et
270 2854 388 2913 dotores
410 2857 527 2910 nostros
547 2857 577 2909 et
590 2853 707 2926 paedia
720 2849 936 2926 proferamus:
974 2846 1131 2934 [laetemur
1153 2853 1200 2912 bis
1214 2852 1415 2928 1111111111·-

220 2951 315 3033 mnr,]
340 2954 570 3027 inpemiscamus
581 2953 640 3013 iliis
662 2970 740 3028 quae
758 2955 961 3029 patiebamur.
984 2950 1058 3032 362,
1077 2951 1415 3029 inconsummatus

220 3058 385 3126 tundatur,
414 3069 504 3129 quam
532 3055 638 3128 quibus
659 3056 780 3115 minime
801 3071 921 3115 necesse
942 3063 995 3115 est.
1035 3051 1210 3138 [praetura
1232 3064 1265 3117 ut
1292 3058 1416 3131 quisque

217 3157 323 3231 suctus
344 3163 387 3216 est
404 3157 550 3230 princeps
571 3158 718 3231 exempto,
738 3152 848 3236 (immo
864 3160 1018 3234 princeps,
1042 3154 1206 3239 extemplo)
1226 3156 1317 3229 fama
1339 3161 1414 3234 eius,

221 3263 369 3319 incertum
390 3258 471 3316 bona
495 3272 535 3316 an
558 3260 654 3332 mule,
678 3266 830 3319 caeterum
853 3266 978 3319 aeterna
1000 3254 1066 3343 est]
1091 3277 1151 3320 uon
1172 3276 1248 3335 erpo
1264 3266 1415 3336 perpetua

219 3361 356 3437 principi
372 3357 480 3434 sama,
510 3375 588 3434 quae
614 3363 738 3421 inuitum
766 3368 883 3438 manet,
912 3363 967 3421 sed
993 3361 1071 3421 bona
1097 3362 1342 3437 concupiscenda
1363 3368 1415 3421 est.

221 3457 294 3540 365,
318 3456 360 3519 20
382 3475 448 3519 eum
465 3462 639 3538 principem
664 3460 769 3542 [quam
790 3464 971 3524 simillimum
999 3480 1060 3523 esse
1081 3466 1223 3539 privato,
1252 3456 1414 3546 consulem]

221 3579 311 3639 paam
334 3562 561 3622 dissimillimum
585 3564 699 3624 deceat.
722 3561 796 3642 373,
816 3562 853 3625 17
868 3571 968 3625 certus
983 3582 1014 3624 es
1035 3572 1064 3624 te
1082 3567 1159 3626 bene
1180 3583 1243 3625 rem
1262 3565 1416 3640 publicam

224 3659 263 3748 [et
284 3682 324 3725 ea
346 3665 477 3724 utilitate
498 3658 605 3748 animi]
629 3683 747 3741 repere.
771 3663 844 3745 374,
867 3663 907 3727 31
931 3669 1017 3728 cuius
1036 3668 1112 3728 baec
1135 3661 1284 3750 [intentio]
1309 3678 1363 3743 est,
1384 3674 1418 3727 ut

221 3767 334 3828 nobiles
355 3773 383 3824 et
403 3774 557 3827 conseruet
579 3773 609 3827 et
630 3767 757 3841 efficiat.
781 3763 937 3849 quaedem
952 3786 1029 3829 sune
1052 3786 1090 3828 ex
1113 3764 1163 3828 his
1185 3764 1416 3848 supplementis

222 3865 268 3929 ita
296 3865 479 3946 comparata
507 3867 599 3947 sunt,
630 3868 667 3930 ut
695 3866 771 3930 boni
801 3866 917 3931 oodiois
946 3865 1137 3931 auctoritate
1170 3866 1320 3930 restituta
1347 3887 1416 3931 esse

225 3964 353 4030 eredere
385 3963 552 4047 possimus.
589 3989 666 4031 nam
700 3974 732 4031 et
764 3968 881 4032 lacuna
915 3971 1096 4052 corruptam
1129 3989 1198 4032 esse
1225 3967 1418 4051 scripturum

222 4069 371 4151 apparet,
396 4069 429 4130 11
450 4067 626 4150 probabilis
648 4071 810 4135 sententis
832 4092 852 4134 1
874 4069 1071 4154 Cuspiniano
1099 4070 1249 4135 restituta
1271 4072 1329 4133 est.
1367 4091 1417 4134 ae·

223 4168 309 4233 oedit
330 4167 413 4251 quod
441 4167 559 4232 leviore
586 4192 710 4256 quoque
738 4172 817 4237 vitis
842 4193 909 4236 non
938 4172 1028 4236 nulla
1055 4171 1176 4256 primus
1200 4169 1416 4256 Cuspinisnus

222 4273 308 4336 recte
343 4271 494 4354 correxit,
529 4275 566 4335 ut
596 4296 627 4357 p.
651 4274 723 4357 321,
747 4274 767 4339 6
790 4281 957 4338 aemuletur
984 4295 1043 4358 pro
1065 4280 1263 4352 aemulemur,
1298 4273 1417 4356 323,6

223 4380 377 4439 nutatione
399 4394 457 4457 pro
488 4384 666 4454 mutatione,
698 4377 776 4458 344,
807 4377 826 4439 6
859 4397 918 4440 non
946 4384 1005 4440 iter
1032 4398 1091 4460 pro
1119 4382 1254 4454 nouiter,
1278 4376 1351 4459 345,
1378 4377 1418 4439 14

218 4497 369 4557 perquam
384 4496 495 4560 mapna
511 4499 636 4563 proper
649 4499 736 4558 quem
758 4499 880 4557 1111111,
898 4478 971 4560 351,
985 4479 1005 4542 6
1019 4484 1195 4559 probabitur
1209 4498 1268 4561 pro
1283 4483 1418 4558 probiter
