3024 5062
193 268 257 331 300
596 279 626 327 c.
650 279 746 326 raim
769 278 813 326 ar
835 276 980 345 ruamur

192 440 311 521 quanto
338 436 528 500 infirmiores
560 437 670 517 erunt,
705 434 788 499 idem
812 484 819 498 .
839 483 846 498 .
865 483 872 498 .
892 483 898 497 .
921 433 1071 498 fiduciam
1099 432 1288 519 diligentiae
1316 446 1386 500 luue

192 539 310 622 habes,
341 541 377 602 ut
405 538 533 602 credam
557 541 593 615 ‚te
616 537 702 601 omni
732 536 856 601 ratione
879 535 912 599 id
934 539 1079 599 acturum
1101 557 1143 600 ne
1165 535 1232 601 sint
1254 537 1384 602 obnoxii

162 641 327 706 3iniuriis.
358 640 440 724 siqui
463 643 570 704 autern
592 660 626 703 se
650 641 761 703 contra
783 637 986 722 disciplinam
1000 659 1104 701 meam
1126 639 1298 723 gesserint,
1322 642 1384 704 sta-

191 744 251 807 tim
279 744 501 825 coerceantur3
530 744 585 805 aut
614 740 641 804 si
668 740 740 825 plus
768 739 970 826 admiserint,
999 761 1095 824 quam
1118 743 1155 804 ut
1181 741 1216 805 in
1237 763 1273 806 re
1294 765 1384 827 prse-

191 846 276 910 senti
299 845 377 908 satis
399 843 591 928 puniantur,
620 845 647 906 si
670 841 788 906 milites
811 845 921 926 erunt,
951 841 1078 926 legatis·
1095 863 1204 907 eorum
1226 845 1312 929 quod
1334 845 1408 909 das

191 946 396 1031 prehenderis
419 949 531 1009 notum
553 944 667 1027 facies3
691 949 747 1008 aut
768 943 796 1008 si
817 943 852 1007 in
867 943 979 1008 urbem
1001 964 1111 1008 versus
1125 945 1254 1009 venturi
1277 949 1381 1031 erunt,

190 1048 269 1113 mihi
291 1048 420 1112 scribes.

576 1215 772 1325 aaaron.
797 1215 1001 1305 [sarmul

470 1340 499 1393 (l.
519 1338 666 1390 PLINIUS
685 1338 847 1394 TRAIANO
865 1339 1094 1391 IMPERATORI

162 1461 178 1521 1
274 1459 409 1523 Cautum
433 1459 497 1539 est,
521 1455 664 1538 domme,
687 1454 840 1540 Pompeia
853 1455 935 1540 lege,
959 1477 1041 1540 quae
1055 1454 1208 1541 Bithynis
1230 1458 1306 1522 data
1322 1461 1380 1543 est,
1396 1481 1417 1519 ιο

189 1584 230 1625 ne
253 1561 324 1646 quis
353 1561 459 1643 capiat
481 1558 707 1643 magistratum
729 1579 809 1622 neve
837 1557 880 1621 sit
900 1557 936 1622 in
958 1561 1074 1622 senatu
1095 1559 1201 1623 minor
1223 1582 1381 1625 annorum

131 1737 134 1742 ,
189 1664 336 1748 triginta.
369 1662 478 1726 eadem
494 1660 566 1745 lege
583 1659 846 1744 comprehensum
862 1662 911 1724 cst
932 1659 1037 1745 utqui
1054 1661 1198 1744 ceperint
1212 1663 1381 1748 magistra-

157 1764 255 1830 2tum
278 1764 344 1829 siut
366 1764 400 1826 in
421 1752 545 1827 senatu.
576 1763 719 1825 secutum
742 1764 791 1825 est
806 1761 880 1825 dein
896 1761 1035 1826 edictum
1058 1761 1122 1826 diri
1137 1764 1296 1849 Augusti,
1320 1787 1380 1850 quo

187 1866 334 1952 permisit
355 1864 494 1929 minores
516 1862 726 1947 magistratus
750 1862 791 1926 ab
813 1862 907 1926 annis
923 1863 1045 1929 duobus
1068 1867 1100 1928 et
1121 1865 1242 1950 viginti
1258 1887 1378 1952 capere.

158 1968 352 2054 3quaeritur
375 1988 461 2051 erge,
486 1988 528 2029 an
551 1965 605 2050 qui
627 1965 732 2029 minor
753 1965 890 2050 triginta
913 1987 1070 2031 annorum
1085 1967 1187 2052 gessit
1207 1969 1413 2054 magistra-15

187 2075 254 2134 tum
277 2070 379 2153 possit
394 2091 413 2132 a
428 2067 612 2132 censoribus
633 2067 668 2130 in
684 2069 832 2131 senatum
852 2067 933 2152 legi,
959 2070 991 2132 et
1013 2068 1040 2132 si
1054 2071 1177 2153 potest,
1202 2092 1246 2134 an
1267 2071 1291 2134 ii
1307 2093 1379 2156 quc·

187 2194 247 2257 que
269 2171 323 2255 qui
351 2192 418 2235 non
440 2169 600 2255 gesserint
622 2170 747 2254 possint
774 2191 832 2253 per
854 2170 988 2233 eandem
1009 2170 1312 2256 interpretationem
1339 2175 1378 2238 ab

187 2296 224 2338 ea
247 2276 353 2338 aetate
376 2275 539 2336 senatores
562 2271 643 2356 legi,
668 2293 764 2354 aqua
785 2271 850 2335 illis
872 2273 1099 2357 magistratum
1120 2294 1233 2358 gerere
1247 2277 1379 2358 permis-

186 2398 256 2439 sum
278 2378 341 2458 est,
363 2374 448 2459 quod
470 2372 588 2457 alioqui
610 2373 794 2438 factitatum
818 2373 921 2438 adhuc
949 2377 981 2439 et
1004 2397 1072 2440 esse
1094 2376 1313 2441 necessarium
1334 2378 1377 2442 di-

187 2478 284 2560 citur,
301 2475 429 2562 quiasit
441 2475 605 2559 aliquanto
620 2475 733 2539 melius
747 2475 955 2541 honestorum
969 2465 1136 2541 hominum
1150 2477 1268 2544 liberos
1284 2502 1378 2564 quam
1389 2501 1412 2540 su

156 2579 203 2644 4e
225 2579 318 2663 plebe
341 2579 375 2641 in
399 2577 519 2642 curiam
536 2576 673 2641 admitti.
704 2598 800 2662 egoa
821 2578 988 2642 destinatis
1012 2579 1196 2644 censoribus
1219 2581 1296 2665 quid
1311 2603 1379 2647 sen-

186 2682 280 2745 tirem
302 2681 535 2764 interrogatus,
565 2699 617 2742 eos
639 2679 765 2763 quidem
788 2680 844 2764 qui
865 2680 1004 2744 minores
1025 2681 1163 2766 triginta
1186 2683 1281 2747 annis
1309 2705 1378 2769 ges·

185 2784 303 2847 sissent
335 2781 561 2866 magistratum
593 2780 747 2863 putabam
779 2802 873 2865 posse
904 2782 940 2845 in
968 2785 1114 2846 senatum
1143 2786 1176 2848 et
1203 2786 1378 2851 secundum

185 2885 324 2949 edictum
347 2884 488 2969 Augusti
515 2885 548 2946 et
575 2880 749 2947 secundum
771 2883 876 2968 legem
898 2882 1083 2968 Pompeiam
1114 2884 1195 2970 legi,
1225 2888 1378 2972 quoniam

184 2989 350 3072 Augustus
365 3007 476 3070 gerere
491 2985 699 3069 magistratus
714 2984 890 3049 minoribus
906 2985 1000 3050 annis
1014 2986 1154 3072 triginta
1167 2988 1411 3074 permisissemus

153 3089 234 3154 blex
262 3091 442 3152 senatorem
470 3108 538 3151 esse
566 3087 719 3151 voluisset
746 3087 800 3172 qui
827 3089 981 3173 gessisset
1007 3088 1245 3174 magistratum.
1277 3092 1316 3157 de
1337 3092 1377 3156 iis

183 3193 291 3255 autem
312 3190 367 3274 qui
388 3210 455 3253 non
476 3187 667 3273 gessissent,
695 3189 840 3272 quamvis
863 3193 970 3261 esseut
985 3191 1100 3256 aetatis
1123 3191 1265 3257 eiusdem
1289 3194 1376 3259 cuius

182 3293 230 3356 illi
252 3293 366 3378 quibus
388 3311 499 3376 gerere
513 3290 704 3375 permissum
720 3294 789 3374 est,
813 3291 1028 3377 haesitabam
1050 3314 1108 3377 per
1122 3295 1206 3378 quod
1228 3296 1376 3361 effectum
1413 3330 1425 3363 ι

183 3400 282 3460 estut
297 3398 329 3460 te
337 3444 345 3478 ,
370 3392 512 3476 domine,
537 3392 734 3457 consulerem
749 3393 825 3478 quid
840 3395 1003 3459 observari
1017 3396 1126 3462 velles.
1159 3398 1267 3481 capita
1282 3399 1373 3485 legis,

181 3501 250 3562 tum
273 3497 412 3562 edictum
435 3495 576 3580 Augusti
597 3493 714 3559 litteris
736 3495 870 3580 subieci,

188 3675 377 3684 .--—--·--

249 3804 263 3852 1
283 3802 355 3853 idem
374 3803 502 3855 fiduciam
520 3806 543 3854 A
560 3802 631 3856 idem
650 3810 756 3872 petent.
781 3805 909 3858 fiduciam
931 3808 1078 3860 Beroaldus
1165 3809 1295 3863 fiduciam
1314 3829 1371 3864 eam

182 3869 290 3921 Orellius
359 3871 522 3938 diligentiae
541 3877 606 3925 tuae
627 3874 784 3926 Coronaeus:
802 3879 868 3926 tuae
884 3893 932 3930 orrr.
951 3878 974 3926 A
1042 3881 1058 3928 3
1077 3880 1216 3944 gesserint
1230 3881 1371 3933 Coronaeus

180 3951 196 3987 a
214 3940 332 4002 gesserit
348 3939 372 3989 A
456 3944 473 3990 4
492 3941 652 3993 admiserint
670 3944 814 3994 Coronaeus
832 3959 848 3993 s
867 3945 1011 3996 emiserint
1028 3947 1051 3995 A
1136 3947 1166 3997 in
1184 3964 1214 3998 re
1234 3951 1369 4014 praesenti

179 4008 216 4056 sit
234 4010 304 4058 satis
321 4021 338 4056 a
440 4012 455 4060 5
474 4009 545 4073 quod
569 4008 617 4074 (vel
634 4013 711 4075 quos)
736 4011 949 4076 deprehenderis
967 4021 1061 4065 notum
1080 4015 1171 4066 facies
1189 4016 1369 4069 ussto-musas

180 4090 250 4139 quae
269 4074 502 4142 depraehenderis
521 4083 614 4128 notum
634 4079 722 4130 facies
740 4080 763 4128 A
786 4095 857 4142 quae
876 4081 1107 4153 depraehenderis
1131 4089 1197 4135 nota
1217 4083 1306 4136 facies
1323 4086 1368 4136 Oo-

179 4150 285 4194 lenaeus

246 4213 403 4264 LXXVIIII
421 4213 463 4264 De
481 4214 689 4280 magistratibus
709 4214 921 4281 prouincialium
941 4217 1042 4270 .LIIl.
1060 4219 1083 4267 A
1165 4223 1195 4271 12
1215 4221 1367 4286 ceperint·

179 4283 319 4346 coeperint
335 4283 358 4330 A
428 4282 458 4333 15
478 4283 566 4348 gessit
583 4284 801 4349 magistratusA
864 4286 902 4335 ‘1‘6
925 4303 941 4336 a
960 4287 1121 4339 censoribus
1141 4287 1289 4342 Beroaldus
1305 4305 1332 4340 s:
1351 4305 1365 4339 a

178 4363 224 4400 ons.
243 4349 266 4396 A
335 4350 475 4401 ancxiis
495 4349 541 4414 qui
559 4366 666 4417 quoque
685 4367 739 4402 non
757 4355 896 4419 gesserint
914 4356 1001 4420 possit
1019 4356 1080 4421 quis
1104 4370 1187 4420 pers
1256 4355 1286 4424 ii]
1303 4358 1364 4409 hiA

247 4417 278 4466 18
296 4423 438 4469 senatores
456 4419 603 4470 Beroaldus
621 4426 733 4472 senator
750 4423 773 4470 A
841 4425 872 4473 21
892 4439 908 4472 a
927 4423 1073 4474 destinatis
1091 4422 1240 4477 Beroaldus
1257 4441 1274 4475 s
1291 4427 1363 4476 adest

178 4484 252 4533 natis
270 4487 326 4602 11Δ
361 4488 393 4538 22
412 4487 519 4553 quidem
538 4502 555 4536 s
573 4487 683 4553 quidam
701 4491 724 4538 A
792 4490 979 4542 assensn
1031 4493 1064 4543 29
1082 4492 1254 4545 consulerem
1271 4510 1289 4545 s
1306 4507 1362 4546 con·

178 4567 285 4603 suerern
