3024 5062
252 292 498 342 arisruaanuu
512 295 546 342 v.
572 290 610 338 11.
634 285 760 352 (nam.
781 285 843 351 (13.)
860 289 900 337 13.
923 285 984 352 (14.)
1001 285 1036 352 (a.
1053 240 1110 338 nis.
1127 283 1186 351 106)
1254 276 1313 340 137

125 445 198 530 plex
220 445 303 511 ratio
325 446 499 530 recitandi,
530 468 611 530 una,
640 449 676 509 ut
699 445 913 510 sollicitudine
935 446 1100 529 intendar,
1134 445 1250 529 altera,
1278 448 1315 509 ut

126 549 313 632 admonear,
341 547 447 633 siquid
474 547 557 613 forte
590 569 641 612 me
669 550 706 612 ut
738 570 845 613 meum
877 548 973 613 fallit.
1028 548 1088 611 tuli
1117 547 1201 632 quod
1228 544 1344 630 pete-2

124 651 213 733 bam,
242 650 351 715 inveni
380 653 434 735 qui
455 651 534 715 mihi
557 651 682 735 copiam
705 651 831 716 consilii
859 652 909 715 sui
935 638 1090 714 iacerent.
1135 651 1203 733 ipse
1225 671 1315 732 prae-

123 756 211 817 terea
238 753 395 837 quaedam
422 753 622 817 emendanda
649 753 810 817 adnotavi.
856 751 1020 816 emendavi
1053 752 1186 835 librum,
1220 773 1314 834 quem

97 854 195 918 amisi
217 854 290 919 tibi.
328 855 495 919 materiam
518 876 557 919 ex
578 854 886 939 titulocognosoes,
911 857 1016 918 cetera
1037 852 1119 916 liber
1134 851 1344 937 explicabit,3

123 977 217 1040 quem
239 956 304 1021 iam
326 978 414 1022 nunc
436 959 562 1041 oportet
583 957 631 1020 ita
653 977 873 1039 consuescere,
895 958 932 1019 ut
953 957 1023 1019 sine
1044 944 1244 1039 praefatione
1266 954 1314 1018 in-

122 1058 306 1144 tellegatur.
342 1063 379 1124 tu
400 1059 496 1125 velim
519 1060 594 1143 quid
617 1059 655 1124 de
676 1059 839 1142 universo,
868 1057 944 1142 quid
967 1057 1005 1121 de
1027 1057 1171 1140 partibus
1194 1056 1345 1120 sentias4

123 1161 246 1225 scribas
268 1162 357 1225 mihi.
403 1183 456 1226 ero
479 1163 565 1226 enim
586 1162 636 1226 vel
666 1162 788 1225 cautior
814 1160 849 1224 in
878 1160 1072 1224 continendo
1093 1159 1143 1223 vel
1168 1161 1315 1224 constan·

122 1263 185 1326 tior
206 1263 243 1327 in
265 1263 402 1347 edendo,
426 1264 453 1328 si
475 1263 537 1328 huc
558 1264 608 1328 vel
630 1262 708 1328 illuc
735 1263 908 1328 auctoritas
929 1265 986 1326 tua
1008 1262 1188 1326 accesserit.
1211 1260 1291 1326 vale.

522 1433 613 1500 XIII.
644 1433 776 1523 [xliii]
800 1442 835 1510 (a.
859 1442 917 1510 105)

441 1555 472 1607 o.
490 1555 637 1608 ruinius
655 1555 864 1611 vereniano
883 1553 953 1607 suo
972 1554 999 1607 a.

207 1669 253 1735 Et
279 1673 317 1734 tu
346 1691 441 1755 rogas
469 1675 501 1735 et
527 1693 588 1757 ego
614 1673 762 1756 promisi,
795 1672 822 1736 si
849 1692 1010 1756 rogasses,
1040 1671 1235 1755 scripturum
1262 1671 1342 1734 mel

122 1771 200 1855 tibi,
230 1793 325 1856 quem
351 1772 517 1837 habuisset
544 1776 694 1838 eventurn
721 1773 895 1858 postulatio
922 1772 1057 1857 Nepotis
1092 1773 1177 1837 circa
1204 1772 1313 1836 Tusci·

122 1872 201 1938 lium
217 1873 437 1938 Nominatum.
467 1874 616 1939 inductus
639 1878 688 1940 est
701 1874 905 1960 NominatuS,
930 1876 997 1961 egit
1018 1876 1087 1960 ipse
1102 1896 1161 1959 pro
1175 1895 1209 1938 se
1225 1874 1313 1938 nullo

83 2000 108 2041 15
122 1977 305 2041 accusante.
349 1998 426 2040 nam
447 1974 547 2061 legati
569 1976 790 2042 Vicetinorum
818 1999 884 2042 non
912 1978 1005 2041 modo
1032 1998 1099 2041 non
1127 1978 1314 2061 presserunt

122 2087 205 2163 eum,
229 2100 339 2142 verum
362 2078 459 2143 etiam
481 2078 697 2143 sublevarunt.
742 2101 866 2143 summa
887 2079 1099 2163 defensionis,
1129 2101 1196 2143 non
1217 2078 1342 2142 fidem?

122 2180 184 2244 sibi
209 2181 246 2245 in
274 2181 499 2264 advocatione,
530 2181 585 2244 sed
613 2181 829 2246 constantiam
857 2181 1011 2264 defuisse3
1044 2180 1245 2245 descendisse
1277 2182 1313 2244 ut

121 2285 270 2347 acturum
292 2285 388 2366 atque
410 2284 507 2347 etiam
528 2283 564 2347 in
594 2284 680 2347 curia
708 2283 828 2368 visum,
862 2283 976 2348 deinde
1006 2283 1205 2348 sermonibus
1234 2283 1313 2346 ami-

123 2405 233 2449 corum
253 2385 461 2469 perterritum
482 2385 666 2450 recessisse:
688 2385 847 2449 monitum
870 2386 956 2450 enim
978 2406 1020 2449 ne
1043 2385 1198 2449 desiderio
1222 2406 1312 2448 sena-

81 2486 201 2552 aotoris
231 2508 298 2551 non
324 2487 389 2552 iam
417 2488 507 2572 quasi
534 2487 573 2552 de
600 2487 770 2571 nundinis,
804 2488 858 2551 sed
894 2488 986 2572 quasi
1013 2487 1051 2551 de
1084 2486 1191 2572 gratia
1223 2485 1312 2550 fama

122 2587 283 2673 dignitate
306 2590 461 2655 certantis
483 2593 550 2655 tam
572 2590 789 2676 pertinaciter,
813 2590 1001 2674 praesertim
1021 2590 1056 2653 in
1072 2592 1195 2666 senatu,
1219 2610 1311 2672 repu-

122 2694 249 2776 gnaret,
274 2691 392 2776 alioqui
414 2693 567 2756 maiorem
588 2692 743 2756 invidiam
758 2693 1010 2776 quamproxime
1032 2712 1210 2775 passurum
1243 2690 1341 2755 erat3

122 2813 200 2856 sane
227 2793 387 2877 prius,.a
414 2794 525 2877 paucis
552 2796 679 2878 tamen,
715 2793 930 2858 adclamatum
963 2791 1102 2857 exeunti.
1147 2793 1313 2857 subiunxit

121 2916 232 2979 preces
254 2895 452 2980 multumque
473 2896 691 2961 lacrimarum:
715 2898 791 2980 quin
814 2896 911 2960 ctiam
925 2898 995 2960 tota
1010 2895 1137 2959 actione
1158 2894 1254 2958 homo
1277 2895 1312 2958 in

80 3020 108 3060 a
123 2997 258 3061 dicendo
286 2997 480 3062 exercitatus
508 3020 638 3082 operam
660 2997 748 3062 dedit
769 3001 805 3062 ut
826 2997 989 3082 deprecari
1018 2996 1123 3081 magis
1152 2996 1198 3083 (id
1226 2997 1312 3060 enim

123 3102 155 3163 et
174 3099 383 3163 favorabilius
407 3104 439 3165 et
460 3101 574 3184 tutius)
597 3122 693 3184 quam
716 3099 844 3164 defendi
867 3100 1036 3164 videretur.
1082 3096 1247 3163 absolutus
1263 3097 1342 3163 cst4

122 3200 284 3265 sententia
306 3201 468 3286 designati
492 3202 630 3267 consulis
653 3202 771 3266 Afrani
793 3202 924 3285 Dextri,
956 3202 1045 3266 cuius
1072 3201 1153 3265 haec
1175 3222 1308 3284 summa,

122 3302 234 3368 melius
257 3302 385 3390 quidem
407 3303 616 3370 Nominatum
637 3304 736 3370 fuisse
758 3303 929 3390 facturum,
954 3303 982 3368 si
1005 3325 1133 3368 causam
1148 3302 1312 3368 Vicetino-

124 3529 324 3540 ..ι-ι·-

190 3683 203 3731 1
223 3681 351 3732 intendar
368 3684 422 3732 mn
440 3683 572 3732 incendar
589 3697 645 3747 pra
722 3684 763 3734 alt
781 3690 829 3734 aut
848 3684 995 3734 admonear
1007 3687 1034 3733 Μ
1103 3683 1220 3748 2siquid
1239 3683 1310 3734 forte

123 3764 164 3799 me
182 3753 214 3799 ut
231 3765 320 3800 meum
337 3752 426 3805 birra
443 3751 468 3800 si
487 3752 552 3816 quia
570 3752 640 3803 forte
659 3768 701 3803 me
720 3758 751 3801 ut
768 3768 872 3802 mecum
890 3754 932 3814 op
989 3757 1005 3804 3
1023 3752 1128 3804 consuli
1147 3753 1190 3802 sui
1207 3753 1229 3800 I>
1249 3767 1312 3801 con·

120 3817 177 3934 {ilii
195 3818 267 3867 tuir
335 3818 522 3883 Ilibrumque
540 3820 602 3871 misi
620 3821 788 3871 Mommacnus
868 3821 954 3871 stibi
972 3822 1034 3871 misi
1052 3835 1087 3878 τς
1158 3820 1311 3885 explicabit

210 3886 286 3937 bita
304 3900 386 3938 om.a

189 3953 257 4005 XIII
275 3957 306 4004 12
325 3955 362 4004 nt
379 3956 468 4018 priore
485 3958 540 4006 Ioco
558 3972 606 4011 om.
624 3967 640 4018 p
722 3959 752 4008 13
771 3953 856 4022 circa]
873 3960 969 4008 contra
987 3970 1022 4013 τς
1092 3959 1123 4008 15
1141 3972 1206 4006 nam
1223 3954 1311 4019 legati

120 4023 147 4069 II
165 4022 268 4072 etenim
285 4021 371 4088 legati
389 4024 473 4085 lipra
558 4039 612 4073 non
630 4025 708 4075 modo
725 4029 949 4089 precesseruntr
1034 4027 1066 4075 16
1085 4023 1267 4074 subleuarunt
1284 4024 1312 4070 1

121 4089 438 4152 subleuaueruntupra
519 4094 549 4141 li
567 4092 596 4140 in
614 4093 861 4143 aduocationemn
948 4094 980 4143 18
999 4092 1086 4158 adque
1104 4094 1132 4140 1
1201 4095 1232 4142 19
1250 4106 1311 4155 per-

121 4158 247 4208 territum
266 4175 313 4212 om.
331 4160 393 4221 Dpr
461 4174 496 4209 ne
514 4174 593 4211 om.r
644 4160 784 4211 desideras
802 4162 830 4208 1
899 4164 932 4212 20
950 4177 1003 4211 non
1026 4162 1081 4210 iam
1100 4161 1179 4226 quasi
1196 4161 1239 4208 Da
1256 4174 1311 4210 non

121 4227 200 4290 quasi
218 4228 273 4282 λῖς
285 4227 394 4276 nimiam
413 4228 493 4292 quasi
510 4239 525 4288 p
543 4227 653 4276 minime
676 4229 755 4292 quasi
771 4243 785 4277 r
887 4229 1059 4280 denumdinis
1076 4229 1103 4277 m
1205 4224 1309 4293 gratia]

120 4293 210 4358 gloria
228 4306 263 4349 τς
348 4297 380 4344 22
399 4310 544 4361 quamam.
567 4298 628 4356 Dpr
712 4299 902 4362 passurum!
924 4313 1053 4363 passurus
1074 4300 1158 4361 Dpra
1243 4299 1275 4347 23
1295 4313 1312 4345 a

121 4363 216 4426 paucis
234 4367 328 4412 tamen
345 4365 485 4412 litamen
502 4364 600 4427 paucis
618 4366 681 4425 Dpr
698 4370 787 4416 tamen
807 4381 823 4414 a
843 4367 937 4430 paucIs
957 4366 1133 4416 Catonacusa
1211 4380 1311 4414 exenn-

120 4433 192 4492 tisp
263 4432 295 4480 ⁶25
314 4430 341 4478 id
361 4433 433 4481 enim
452 4431 691 4488 fauorabiliusr5
775 4435 806 4482 ‘27
827 4432 1012 4499 designatoli
1082 4433 1174 4485 afrani
1192 4429 1313 4495 (Afranii

121 4498 191 4562 Gal.)
210 4497 299 4548 dextri
316 4499 371 4546 11>
389 4499 535 4551 Octunueua
547 4516 563 4549 a
582 4501 674 4552 afrani
695 4502 791 4554 dextra
809 4515 825 4565 p
848 4501 959 4554 Afranii
976 4501 1091 4552 Dextcri
1108 4516 1122 4551 r
1207 4516 1312 4551 summa

118 4567 261 4618 sententia
280 4565 378 4617 melius
395 4583 409 4617 r
