3024 5062
503 277 748 330 EPISTULARUM
770 278 858 328 v1111.
883 276 925 329 aa.
1244 262 1308 332 255

116 433 247 498 omitto:
275 453 380 516 neque
408 433 493 496 euim
521 432 643 518 ambigi
670 436 759 518 puto.
798 434 854 498 sed
885 433 1117 500 Demosthenes
1143 434 1228 520 ipse,
1256 435 1310 500 ille

116 556 231 600 norma
245 534 380 599 oratoris
402 537 436 599 et
450 535 578 620 regula,
601 556 680 600 num
695 558 729 600 se
746 535 873 601 cohibet
888 540 921 601 et
936 538 1122 622 conprimit,
1145 558 1218 602 oum
1233 537 1312 602 dicit

116 637 174 702 illu
200 635 368 702 notissima
396 637 563 717 ἄνθρωποι
597 640 704 719 μιαροὶ
737 642 788 705 καὶ
814 641 947 707 κόλακε(
975 643 1026 706 καὶ
1056 640 1246 725 ἀλά(τορε(,
1278 645 1311 704 et

116 760 227 804 rursus
249 739 289 805 οὐ
312 740 411 806 λίθοι(
433 740 566 820 ἐτείχιεα
587 742 645 820 τὴν
661 742 757 808 πόλιν
780 742 858 808 οὐδὲ
880 743 1026 809 πλίνθοι(
1049 743 1124 826 ἐγώ,
1146 745 1180 806 et
1201 743 1311 806 statim

90 841 178 908 τούκ
199 843 235 907 ἐκ
256 843 314 924 μὲν
337 842 493 922 θαλάττη(
515 843 575 922 τὴν
597 842 732 925 Εὔβοιαν
754 845 968 924 προβαλέεθαι
992 845 1056 923 πρὸ
1079 848 1135 923 τῆ(
1157 831 1318 928 Ἀττικῆεςι

118 946 151 1008 et
172 942 251 1008 alibi
272 945 337 1021 ἐγὼ
365 946 401 1009 δὲ
429 943 518 1026 οἶμαι
540 947 613 1027 μέν,
644 943 671 1008 ὦ
699 944 814 1025 ἄνδρε(
841 947 1018 1031 Ἀθηναῖοι,
1045 949 1084 1026 νὴ
1113 948 1189 1011 τοὺ(
1218 948 1311 1012 θεοῦ(

117 1046 244 1113 ἐκεῖνον
266 1046 393 1127 μεθύειν
415 1052 461 1131 τῷ
484 1047 608 1128 μεγέθει
630 1052 696 1112 τῶν
724 1047 983 1128 πεπραγμένωνῖ
1009 1048 1075 1111 iam
1096 1047 1172 1131 quid
1194 1048 1340 1115 auden-9

116 1147 182 1212 tius
209 1146 266 1210 illo
292 1146 506 1232 pulcherrimo
530 1169 567 1212 ac
588 1146 777 1232 longissimo
800 1169 942 1232 excessu,
971 1150 1094 1231 νάεημα
1120 1148 1206 1229 γάρῬ
1234 1149 1311 1234 quid

117 1247 214 1333 haec,
237 1249 383 1314 breviora
398 1249 629 1334 superioribus,
653 1249 708 1313 sed
723 1250 857 1315 audacia
877 1251 986 1335 paria,
1009 1252 1082 1316 τότε
1104 1252 1169 1329 ἐγὼ
1191 1253 1248 1334 μὲν
1264 1259 1310 1337 τῷ

79 1351 251 1419 uticenci
273 1353 498 1436 θρα(ονομένιμ
514 1353 566 1418 καὶ
579 1354 692 1437 πολλῷ
708 1352 815 1432 ῥέοντι
835 1355 904 1418 καθ’
918 1351 1034 1433 ὑμῶνῖ
1056 1373 1094 1416 ex
1109 1353 1219 1417 eadem
1234 1356 1312 1417 uota

118 1453 198 1520 δ’ταν
226 1455 263 1519 δὲ
290 1455 325 1519 ἐκ
351 1455 538 1522 πλεονεξία(
565 1456 616 1520 καὶ
642 1457 798 1535 πονηρία(
827 1476 874 1520 τι(
898 1455 1005 1535 ὥεπερ
1028 1454 1125 1521 οὗτο(
1147 1456 1310 1540 ἰ(χύ(η,ἡ

118 1555 230 1636 πρώτη
259 1557 418 1637 πρόφαα(
445 1558 497 1621 καὶ
522 1558 633 1638 μικρὸν
663 1561 800 1638 πταῖεμα
827 1556 954 1623 ἅπαντα
980 1557 1156 1636 ἀνεχαίτι(ε
1178 1559 1228 1622 καὶ
1249 1559 1311 1622 διέ-

118 1660 201 1724 iace.
235 1657 339 1722 simile
353 1655 404 1722 his
426 1658 707 1741 άπεεχοινιιμὲνο(
728 1659 823 1724 ἀπαα
844 1663 913 1724 τοῑ(
936 1659 971 1724 ἐν
993 1666 1031 1744 τῇ
1054 1660 1146 1725 πόλει
1168 1660 1311 1737 δικαίοις

118 1762 151 1823 et
172 1759 293 1824 ibidem
308 1762 344 1825 (θ
359 1760 418 1827 τὸν
441 1761 485 1827 εἰ(
499 1767 598 1826 ταῦτα
614 1761 708 1828 ἔλεον
723 1761 932 1840 προδέδωκα(
938 1807 948 1842 ,
972 1761 1212 1847 Ἀρκτὸγειτον,
1233 1766 1310 1843 μάλ-

80 1865 179 1930 ιιλον
208 1864 239 1928 δ’
266 1863 425 1948 ἀνῄρηκα(
453 1864 546 1928 δλω(
585 1864 626 1944 μὴ
655 1865 694 1943 δὴ
722 1865 805 1942 πρὸ(
832 1864 889 1929 obt
918 1863 1016 1929 αὐτὸ(
1038 1864 1160 1944 ἔχωεα(
1183 1865 1311 1944 λιμένα(

117 1968 169 2031 καὶ
190 1968 365 2048 προβόλων
380 1967 572 2049 ἐνέπλη(α(,
594 1967 676 2044 πρὸ(
690 1966 827 2031 τούτου(
842 1963 983 2046 δρμίζου..
1013 1967 1046 2028 et
1067 1964 1192 2029 dixerat
1205 1967 1310 2051 τούτῳ

120 2175 322 2186 0-—0—

188 2293 326 2359 lumbigi
343 2291 546 2357 potoliumbi
564 2293 669 2356 poton
754 2292 1186 2355 anumsettnsanonsepr
1265 2310 1309 2344 oo·

117 2362 198 2413 hibet
216 2367 245 2412 et
263 2362 411 2426 conprimit
428 2361 478 2407 lta
497 2359 608 2409 cohibet
626 2373 686 2408 cum
706 2355 774 2422 (tum
792 2362 817 2420 r)
842 2360 958 2422 primum
979 2360 1042 2420 Dor
1064 2359 1174 2410 cohibet
1192 2366 1220 2410 ot
1238 2376 1309 2412 com·

118 2431 214 2497 primii
232 2435 289 2479 tum
306 2430 421 2492 primum
440 2441 457 2484 ς
520 2431 536 2478 3
554 2424 741 2479 ΑΝΟΡωΠΟΙ
756 2423 875 2478 ΜΙΛΡΟΙ
891 2425 1239 2479 ΚΟΛδΚάΙΛΑΟΕΤΟΡΕΤ
1252 2446 1310 2479 rur·

118 2513 165 2549 sna
183 2499 211 2546 tt
230 2496 375 2561 ἄνθρωποι
394 2495 439 2547 καὶ
459 2492 521 2559 *Oc
540 2512 562 2545 e.
582 2498 673 2546 lactina
690 2494 792 2557 relicta)
812 2501 840 2543 ct
857 2509 950 2544 rursus
968 2496 990 2542 a
1010 2498 1038 2543 et
1054 2510 1148 2545 rursus
1164 2500 1267 2560 graecis
1284 2500 1310 2547 iu

118 2571 212 2617 lacuna
229 2567 326 2616 causis
343 2562 524 2628 (ἀνθρωττοι
547 2562 592 2614 καί
611 2563 707 2615 πόλει(
730 2567 758 2612 et
776 2577 869 2611 rursus
888 2575 904 2616 ς
927 2560 1071 2626 ἄνθρωποι
1090 2564 1181 2628 μιαροὶ
1200 2565 1245 2615 καί
1263 2564 1310 2616 κδ-

118 2634 206 2685 λακε(
228 2637 257 2684 et
275 2647 367 2683 rursus
387 2633 544 2683 Calabaeus:
574 2633 701 2682 Demostb.
727 2633 758 2681 de
780 2646 867 2681 aaron.
885 2631 900 2690 β
918 2633 977 2680 299.
1014 2635 1192 2695 ‘quantumin
1208 2636 1310 2696 qraeeis

118 2701 237 2753 Secundo
255 2703 444 2765 contulerimus,
462 2704 504 2765 uei
520 2717 571 2750 uua
587 2700 635 2749 Ιιαο
647 2701 756 2765 epistola
773 2700 893 2764 caucasei
909 2699 1012 2749 liberum
1029 2701 1170 2765 unicuique.
1189 2717 1245 2751 nam
1257 2702 1310 2752 De-

97 2768 101 2775 “
118 2770 271 2820 mostheuem
288 2776 314 2818 et
331 2769 467 2820 Aeschinis
482 2772 606 2834 pleraque
623 2770 739 2832 lenimus,
761 2773 789 2816 ut
810 2772 867 2817 loca
884 2769 950 2816 uude
967 2775 1053 2817 essent
1069 2775 1195 2832 excerpta
1212 2770 1310 2819 iudica·

118 2853 202 2888 remus
214 2844 241 2888 et
252 2839 278 2887 iu
290 2842 414 2902 inteyram
425 2853 457 2887 αο
467 2853 553 2886 ueram
565 2839 695 2886 lectionem
703 2837 907 2885 restitueremus’
921 2834 992 2898 ilat,
1005 2835 1029 2885 Ιι.
1041 2851 1063 2890 e.
1075 2836 1228 2894 θαιαπαειια,
1239 2854 1310 2903 quem

119 2908 235 2957 editores
251 2907 332 2956 secuti
348 2913 406 2955 suni
515 2908 532 2954 4
550 2898 1219 2957 ΟΥΛΙΘΙΕΕΤΙΧΙΕΛΤΗΝΘΛΕΗΛΙΝΘΟδΕΕΤά)
1237 2909 1266 2955 et
1283 2907 1310 2953 tt

119 2969 286 3036 ἐτειχίεαται
308 2972 363 3036 τὴν
382 2972 466 3024 πόλιν
484 2972 567 3029 οὐδὲν
589 2979 644 3024 iet
661 2974 695 3021 a:
716 2969 750 3021 οὐ
774 2967 860 3021 λίθοι(
872 2997 905 3006 -
918 2974 976 3034 257,
995 2975 1011 3022 3
1031 2977 1059 3021 et
1078 2972 1134 3022 alia
1152 2989 1198 3026 om.
1217 2986 1239 3022 r.
1258 2975 1311 3024 De-

119 3042 208 3092 mucii.
227 3045 260 3092 de
276 3056 364 3092 aaron.
384 3043 399 3101 β
418 3044 467 3090 299
536 3047 565 3091 et
583 3043 677 3091 statim
695 3036 1050 3091 ΟΥΚΕΚΚΛΛΕΙΝΘΛΛΛΤ
1069 3039 1308 3094 ΤΗΝΕΥΒΟΤΑΝ

119 3105 497 3162 ΠΡΟΒΛΛΕθλΑΙΠΡΟΤΗ(
523 3107 673 3162 ΑΠΙΚΗ(
696 3110 724 3157 tt
751 3112 780 3158 et
802 3109 895 3156 stetim
927 3105 1125 3172 οὐκεκτήμαθα
1157 3107 1230 3160 ἀλλὰ
1255 3109 1310 3174 τὴν

120 3175 234 3240 εὔβοιαν
251 3192 272 3228 π
291 3174 437 3239 οβαλὲεθαι
454 3175 510 3240 πρὸ
528 3178 580 3240 τῆ(
597 3174 711 3240 ἀττικῆ(
728 3176 750 3223 1)
777 3180 805 3225 et
830 3177 925 3225 stetim
942 3179 1034 3228 ταθτα
1051 3176 1236 3243 προβαλδμην
1253 3176 1309 3240 ἐγὼ
1342 3199 1347 3215 ·

120 3245 177 3310 πρὸ
194 3247 247 3309 τῆ(
264 3191 381 3308 dicuat
399 3243 466 3294 δεον
483 3243 520 3307 ἠν
543 3242 715 3310 ἀνθρωπίνῳ
743 3244 864 3308 λογιεμῷ
882 3241 1006 3295 δυνατόν
1026 3246 1081 3294 θαι.
1101 3251 1129 3295 et
1146 3247 1242 3296 statim
1261 3263 1308 3298 ou.

119 3326 148 3375 με
167 3314 297 3365 Dementia
315 3315 348 3363 de
364 3328 451 3363 aaron.
470 3313 485 3373 β
505 3316 556 3362 391
676 3316 692 3362 b
711 3309 913 3374 προυβαλόμην
930 3325 947 3359 a
1066 3315 1081 3363 6
1105 3314 1219 3374 etulibi
1237 3311 1310 3367 etat

120 3377 303 3433 ΑΕΘΙΜΛΙΜ.
320 3380 424 3430 FINIT
435 3379 698 3432 EPISTULARUM
710 3379 822 3428 LIBER
837 3418 842 3430 .
855 3379 938 3429 UlllI
951 3416 957 3427 .
970 3381 997 3427 li
1015 3384 1043 3430 et
1062 3379 1131 3429 alibi
1148 3380 1205 3443 ἐγὼ
1219 3380 1310 3448 ὤιμην

121 3445 145 3498 b
164 3444 266 3513 άνδρε(
283 3445 412 3513 άθηναῖοι
433 3449 469 3513 νὴ
491 3447 560 3500 τοὺ(
582 3447 666 3500 θεοὺ(
684 3445 714 3498 ἐκ
733 3443 794 3498 οἰνο
808 3468 822 3498 ν
834 3444 866 3496 ἐν
882 3449 925 3511 τῷ
945 3445 1055 3509 μεγέθει
1071 3449 1133 3498 τῶν
1151 3448 1310 3514 πεπραγμὲ·

121 3529 182 3567 νων
199 3518 221 3564 n
240 3521 269 3566 et
284 3516 353 3566 alibi
369 3533 417 3568 am.
434 3531 464 3579 p:
482 3518 610 3568 Demostb.
630 3517 744 3580 Philipp.
764 3517 779 3562 1
797 3517 812 3577 5
831 3517 864 3563 19
950 3513 999 3578 μέν
1017 3532 1063 3568 am.
1082 3515 1140 3568 Oai.
1211 3520 1225 3567 7
1244 3517 1309 3582 quid

120 3584 268 3635 audentius
285 3585 307 3632 1)
326 3583 382 3634 Gat.
400 3585 465 3649 quid
484 3586 658 3635 audientibus
676 3598 714 3647 pa
798 3587 867 3635 Sue
885 3582 1046 3647 longissimo
1064 3599 1110 3634 am.
1128 3586 1196 3647 Βμς
1263 3583 1309 3635 νό-

121 3649 205 3716 enan]
224 3653 351 3703 Deniosti.
368 3654 401 3703 de
417 3653 477 3716 suto.
495 3657 543 3718 leq.
562 3654 577 3714 β
595 3656 645 3703 259
714 3655 729 3702 θ
747 3654 809 3716 puri
821 3668 833 3698 ι
845 3648 901 3712 ἐγὼ
921 3650 971 3714 μὲν
989 3655 1031 3718 τῷ
1049 3649 1096 3702 ἐπὶ
1108 3651 1308 3720 θραευνομὲνιμ

121 3719 168 3772 καὶ
181 3733 260 3783 νομω
273 3735 286 3767 ι
299 3727 327 3771 et
345 3719 492 3770 eudemon:
512 3722 640 3773 Demostb.
659 3723 692 3770 de
709 3736 796 3770 coron.
815 3721 830 3780 β
848 3721 901 3769 136
971 3723 1002 3771 10
1020 3719 1086 3771 καθ’
1107 3719 1190 3784 ἡμῶν
1208 3736 1225 3769 ι
1243 3721 1310 3772 καθ’

120 3785 203 3850 ὑμῶν
220 3786 273 3838 οὐκ
292 3786 352 3840 εῑξα
369 3785 436 3838 οὐδ’
452 3786 623 3855 ὑπεχώρηεα
640 3785 707 3839 ἀλλ’
724 3786 844 3838 ἀναετά(
862 3783 998 3839 ἀντεῖπον
1016 3788 1061 3839 καί
1078 3787 1114 3840 τὰ
1131 3791 1183 3854 τῆ(
1196 3790 1310 3842 πόλεω(

120 3853 213 3907 δίκαια
231 3853 294 3920 cdxi
311 3854 465 3920 προῦδωκα
484 3857 540 3908 Oat.
593 3860 624 3906 11
643 3853 726 3923 ὅταν]
744 3854 875 3906 liemcule.
890 3854 989 3921 θὶμωΙι.
1008 3861 1025 3906 2
1042 3858 1058 3916 β
1076 3859 1092 3904 9
1144 3857 1309 3922 πονηρίαεκ

121 3921 247 3989 πάφαει(
265 3923 311 3974 καλ
329 3922 429 3988 μικρὸν
446 3927 569 3988 πταῖεμα
581 3923 674 3976 πάντα
693 3922 888 3988 ἀνεεχύωτηεε
907 3923 953 3975 καὶ
970 3922 1094 3976 διέλυεεν
1111 3927 1133 3974 1)
1201 3940 1244 3979 τι(
1261 3945 1308 3980 om.

120 4005 161 4048 5⁸
231 3995 263 4043 13
281 3993 370 4043 simile
389 3992 432 4042 his
450 3991 651 4057 ταχυνομὲνοι(
668 3991 830 4050 dunusci(
848 3992 879 4042 ἑν
897 3995 932 4057 τῇ
952 3991 1034 4044 πόλει
1051 4013 1065 4044 ν
1084 3998 1112 4042 et
1128 3995 1162 4043 D:
1180 3995 1308 4048 Demostb.

122 4063 149 4112 iu
167 4056 311 4127 Aristoni
332 4063 398 4122 528.
418 4061 506 4111 similo
524 4062 569 4110 his
588 4059 701 4111 abieoto
718 4058 749 4111 δὲ
767 4058 890 4124 (υνθήκη
900 4061 980 4125 κοινὴ
998 4061 1065 4111 καθ’
1083 4059 1119 4125 ἣν
1132 4061 1309 4127 πάειπροεή-

121 4140 164 4183 κει
181 4128 234 4194 Ζῆν
251 4130 312 4183 τοι(
323 4126 356 4180 ἐν
371 4131 407 4194 τῇ
426 4128 509 4182 πόλει
529 4131 582 4180 θοι.
663 4130 695 4177 14
712 4129 812 4179 ibidem
830 4129 881 4191 (ὴν
900 4125 940 4178 εἰ(
957 4130 1047 4180 ταῦτα
1064 4127 1160 4180 ἔλαιον
1178 4128 1309 4194 προήλω-

121 4211 174 4249 κα(
191 4195 384 4262 ἀριετάγειτον
401 4218 415 4248 ι
433 4202 459 4248 et
476 4201 510 4247 n:
528 4190 656 4248 θεωρικά.
674 4199 701 4246 in
719 4197 835 4261 Ανίιιορ.
858 4199 873 4244 1
891 4196 906 4256 β
923 4199 966 4250 81.
1035 4196 1203 4260 προῦδωκα(
1221 4209 1259 4252 ςιι

121 4266 155 4317 lo
172 4264 212 4330 μὴ
230 4291 263 4301 -
281 4267 313 4316 16
331 4262 445 4329 babilon
463 4283 509 4317 om.
529 4267 584 4319 Oai.
653 4262 771 4329 ἔχω(α(]
796 4263 923 4315 ἑάλωκα(
941 4279 958 4312 ο.
1026 4267 1058 4315 16
1076 4264 1243 4329 προεβολιθν
1259 4279 1277 4316 u

120 4333 231 4384 dixerut
244 4335 296 4385 τοθ
315 4331 346 4384 δὲ
364 4332 467 4386 οὐδένα
485 4332 544 4397 δρῶ
562 4335 624 4384 τῶν
641 4331 742 4383 πόνων
754 4350 767 4379 ν
779 4331 920 4397 ἐπάληια(
932 4330 1004 4395 πρὸ(
1021 4335 1082 4384 ποῖ(
1094 4331 1234 4398 δρμίζοιιει
1245 4332 1307 4384 τού·

72 4457 74 4461 ,
118 4415 182 4453 των
199 4401 262 4452 τῶν
279 4396 417 4465 βατιλέων
435 4401 505 4453 ὄντα
523 4399 594 4453 ἀλλὰ
612 4397 705 4452 πάντα
723 4399 783 4452 ἀνω
796 4399 896 4465 κριμνά
914 4397 1061 4464 φάραγγα(
1073 4399 1239 4465 βάραθραωε
1257 4403 1309 4452 lie·

117 4471 209 4522 masth
228 4471 255 4519 in
272 4471 388 4535 Aristan.
403 4473 418 4518 1
436 4472 506 4533 §id
525 4476 554 4520 et
570 4470 677 4521 dixerut
694 4466 805 4521 δέδοικα
816 4496 850 4506 -
862 4468 1051 4533 παιδοτριβεῖν
1062 4469 1182 4534 ἀεθενὴ(
1194 4468 1244 4533 μὲν
1255 4468 1309 4535 γάρ

118 4539 177 4592 πά(
195 4535 271 4590 ἐετιν
289 4535 306 4589 δ
325 4537 451 4604 πονηρά(
469 4539 600 4604 deinceps
617 4535 714 4601 τούτῳ
732 4565 766 4575 -
783 4536 908 4603 βάραθρα
926 4553 978 4589 uec
996 4539 1066 4590 uatis
1085 4539 1141 4592 Cat.
