3024 5062
188 253 250 317 328
711 264 741 311 c.
766 223 862 309 amur

187 425 221 487 et
247 442 315 485 sese
342 420 417 483 deos
439 422 565 503 putant.
606 417 661 481 sed
688 417 764 480 licet
790 416 882 481 illum
911 415 975 480 aris
1003 414 1224 499 pulvinaribus
1254 415 1384 479 flamine

189 522 289 605 colas,
324 543 390 586 non
418 521 480 584 alio
508 524 617 583 tamen
645 518 749 603 magis
778 518 872 582 deum
901 520 934 581 et
960 517 1040 581 facis
1069 518 1102 580 et
1124 516 1264 601 probas,
1288 538 1384 601 quam

188 625 272 708 quod
293 624 362 715 ipse
383 622 458 687 talis
481 644 524 686 es.
565 622 600 685 in
623 620 769 705 principe
798 619 884 684 enim
905 620 959 703 qui
988 617 1089 682 electo
1112 639 1294 683 successore
1315 617 1384 682 fato

190 725 348 790 concessit
361 747 426 789 una
448 725 620 808 eademque
637 722 814 787 certissima
829 720 1009 786 divinitatis
1032 719 1111 784 fides
1126 722 1176 784 est
1197 721 1301 784 bonus
1316 741 1385 784 suo·

191 849 306 892 cessor.
347 849 426 890 num
452 847 529 910 ergo
550 824 612 889 tibi
634 846 672 888 ex
697 822 939 888 immortalitate
961 822 1063 907 patris
1087 823 1209 907 aliquid
1232 841 1411 907 arrogari-a

190 928 254 992 tiae
277 926 435 992 accessit?
457 949 535 990 num
557 925 616 991 hos
637 925 800 1010 proximos
823 925 993 991 divinitate
1007 927 1179 1009 parentum
1201 924 1326 989 desides
1349 946 1387 988 ac

190 1030 343 1114 superbos
372 1028 478 1114 potius
508 1050 604 1112 quam
631 1027 703 1092 illos
733 1029 856 1092 veteres
884 1030 918 1092 et
939 1028 1089 1111 antiquos
1112 1025 1306 1091 aemularis?
1333 1025 1387 1109 qui

191 1131 252 1195 hoc
273 1132 378 1215 ipsum
399 1130 567 1213 imperium

277 1233 366 1297 cuius
387 1230 472 1315 pulsi
496 1230 664 1315 fugatique
686 1253 752 1295 nou
776 1231 862 1295 aliud
884 1231 987 1295 maius
1015 1230 1195 1296 habebatur
1222 1229 1387 1314 indicium,

192 1357 287 1418 quam
309 1334 336 1396 si
358 1331 582 1416 triumpharet.
616 1354 693 1417 ergo
716 1332 914 1397 sustulerant
935 1333 1060 1397 animos
1083 1336 1116 1398 et
1142 1335 1255 1418 iugum
1277 1352 1426 1396 eacus-10

193 1440 303 1502 serant
316 1457 377 1500 neo
391 1436 456 1498 iam
471 1435 637 1499 nobiscum
653 1435 692 1499 de
713 1457 770 1499 sua
784 1434 948 1518 libertate,
971 1436 1027 1499 sed
1049 1434 1088 1499 de
1108 1438 1221 1500 nostra
1234 1433 1389 1499 servitute

194 1538 363 1603 certabant
389 1559 426 1600 ac
458 1557 500 1600 ne
525 1536 666 1600 indutias
689 1534 816 1619 quidem
838 1535 902 1600 nisi
925 1537 1035 1622 aequis
1058 1536 1300 1612 condicionibus
1329 1535 1389 1600 ini-

154 1642 274 1706 ]2bant
295 1640 461 1724 legesque,
493 1641 530 1702 ut
552 1638 750 1721 acciperent,
780 1636 912 1702 dabant.
947 1641 982 1702 at
1003 1660 1091 1703 nunc
1117 1637 1213 1702 rediit
1241 1637 1390 1702 omnibus

193 1745 296 1806 terror
318 1744 351 1805 et
365 1744 469 1804 metus
491 1743 524 1804 et
542 1742 651 1804 votum
673 1739 831 1823 imperata
852 1740 1004 1805 faciendi.
1039 1740 1149 1805 vidant
1171 1739 1259 1804 enim
1274 1737 1390 1804 Roma·

194 1866 272 1908 num
294 1843 406 1906 ducem
433 1864 533 1906 unum
556 1864 594 1906 ex
620 1840 685 1905 illis
707 1842 868 1906 veteribus
897 1844 929 1906 et
956 1842 1086 1926 priscis,
1117 1841 1232 1926 quibus
1254 1841 1390 1926 impera·
1403 1865 1425 1904 15

193 1946 312 2009 torium
326 1965 445 2008 nomen
467 1943 630 2007 addebant
645 1943 783 2008 contecti
800 1943 950 2008 caedibus
965 1943 1071 2028 campi
1093 1945 1125 2008 et
1147 1943 1271 2008 infecta
1293 1943 1390 2009 victo-
1451 2026 1454 2030 .

194 2047 251 2110 riis
273 2047 386 2110 maria.
420 2046 595 2128 accipimus
611 2044 737 2110 obsides
753 2066 846 2130 ergo,
873 2067 941 2110 non
956 2046 1104 2128 emimus,
1127 2066 1188 2110 nec
1202 2045 1390 2130 ingentibus

196 2147 321 2211 damnis
343 2147 570 2231 immensisque
584 2148 770 2211 muneribus
786 2148 979 2231 paciscimur
1000 2151 1038 2211 ut
1051 2149 1232 2212 vicerimus.
1265 2150 1389 2234 rogant,

196 2249 395 2333 supplicant,
417 2249 588 2335 largimur,
612 2271 783 2334 negamus,
811 2253 980 2334 utrumque
1003 2271 1042 2314 cx
1062 2249 1191 2333 imperii
1205 2249 1390 2315 maiestate:

197 2355 301 2435 agunt
322 2352 444 2435 gratias
467 2353 521 2435 qui
549 2352 818 2435 impetraverunt3
845 2373 911 2415 uon
940 2351 1060 2416 audent
1088 2352 1177 2436 queri
1199 2352 1316 2436 quibus
1338 2373 1423 2417 nse-sc

197 2456 310 2538 gotum
332 2456 391 2517 est.
425 2476 468 2517 an
490 2454 644 2538 audeant,
668 2455 723 2539 qui
744 2454 850 2518 sciant
870 2457 904 2518 te
927 2453 1086 2518 adsedisse
1108 2453 1318 2534 ferocissimis
1339 2476 1390 2543 po

198 2554 282 2640 pulis
298 2576 335 2619 eo
356 2555 427 2639 ipso
441 2559 585 2640 tempore
600 2557 684 2641 quod
700 2556 929 2620 amicissimum
945 2556 1020 2639 illis,
1046 2554 1273 2620 difficillimum
1288 2556 1389 2640 nobis,

200 2678 272 2721 cum
286 2656 454 2720 Danubius
476 2657 564 2740 ripas
581 2657 656 2742 gelu
677 2658 787 2742 iungit
801 2657 995 2742 duratusque
1010 2657 1115 2742 glacie
1136 2657 1287 2742 ingentia
1301 2662 1391 2742 tergo

199 2758 284 2822 bella
305 2761 520 2843 transportat,
551 2779 623 2823 cum
647 2759 736 2824 ferae
758 2760 872 2844 gentes
898 2780 964 2823 non
991 2759 1064 2823 telis
1086 2760 1190 2844 magis
1213 2781 1310 2844 quam
1337 2781 1391 2824 suo

200 2860 304 2943 caelo,
329 2882 386 2924 suo
408 2860 510 2924 sidere
537 2860 727 2925 armantur?
759 2860 815 2925 sed
835 2860 889 2924 ubi
912 2860 947 2923 in
969 2860 1114 2944 proximo
1136 2863 1187 2943 tu,
1215 2881 1283 2925 non
1305 2881 1424 2926 accusa

200 2982 237 3025 ac
260 2961 288 3025 si
309 2963 451 3026 mutatae
473 2965 652 3045 temporum
674 2963 759 3027 vices
781 2966 902 3044 essent,
931 2962 977 3026 ilii
1001 2962 1128 3046 quidem
1155 2961 1302 3027 latibulis
1329 2961 1392 3028 suis

201 3151 402 3161 .......——-

269 3288 284 3335 2
302 3290 397 3336 tamen
414 3289 504 3353 magis
523 3288 602 3338 deum
614 3289 638 3337 A
655 3289 744 3351 magis
762 3292 855 3339 tamen
873 3287 953 3339 deum
971 3289 1014 3338 Bd
1031 3289 1119 3354 magis
1137 3288 1218 3338 deum
1236 3293 1331 3340 tamen
1348 3304 1362 3339 c

201 3358 230 3404 et
246 3355 318 3404 facis
337 3359 365 3404 et
382 3357 469 3406 cm.A
537 3356 637 3407 3talis
655 3371 683 3406 es
700 3357 786 3406 Bacd
803 3356 868 3406 talis
887 3357 969 3406 estA
1026 3357 1097 3408 enim
1114 3359 1199 3408 cm.A
1251 3357 1392 3409 4eadem·

202 3438 253 3487 que
281 3423 436 3473 certissima
454 3423 497 3486 Δβ
524 3424 651 3488 idemque
679 3425 833 3476 certissima
858 3425 898 3474 bd
926 3424 1077 3488 eademque
1105 3421 1165 3489 (om.
1193 3423 1393 3492 certissimch

201 3492 320 3556 itemque
340 3492 495 3542 certissima
513 3503 530 3546 ς
649 3496 665 3543 6
683 3508 746 3542 num
765 3492 815 3543 hos
834 3494 969 3557 proximos
991 3494 1050 3542 bod
1073 3493 1206 3543 namhoc
1225 3495 1362 3558 proximos
1379 3494 1392 3557 β

201 3574 265 3607 num
284 3559 420 3622 proximos
437 3560 461 3608 A
529 3565 770 3623 parentumque
839 3561 1024 3611 'laemularis
1042 3561 1173 3611 Livineius
1191 3569 1218 3612 et
1234 3564 1321 3612 codes
1338 3562 1393 3613 Me·

202 3629 357 3677 diotecensis
374 3627 502 3677 emularis
520 3627 609 3677 ABod
711 3631 727 3678 8
751 3630 894 3694 imperium
914 3631 958 3694 qrir
971 3629 1112 3694 (quoniam
1129 3629 1157 3691 b)
1262 3631 1341 3681 cuius
1357 3633 1392 3680 la-

201 3711 266 3744 cuna
281 3712 422 3760 paucarum
440 3697 581 3745 litterarum
598 3698 689 3746 relicte
706 3697 727 3745 B
752 3696 896 3761 imperium
915 3699 1045 3761 quoniam
1062 3697 1149 3762 imper
1163 3734 1297 3749 ..........
1318 3699 1392 3749 cuius

202 3766 293 3814 lomna
321 3767 407 3815 decem
433 3766 575 3814 litterarum
600 3766 692 3814 relicta
718 3780 732 3814 c
758 3765 901 3830 imperium
929 3765 972 3829 qm
1001 3767 1066 3830 imp.
1094 3765 1172 3816 cuius
1198 3767 1222 3815 A
1251 3766 1393 3833 imperium

202 3830 266 3917 iqffir.
283 3850 347 3913 imp.
367 3849 446 3898 cuius
464 3849 563 3913 quibus
579 3862 596 3897 a
613 3849 757 3913 imperium
785 3850 914 3914 quoniam
939 3850 1028 3914 imper
1045 3850 1159 3900 cuiusd
1184 3850 1331 3915 imperium
1348 3866 1392 3916 pe·

204 3934 301 3985 perere
320 3917 392 3983 quod
410 3916 488 3967 modo
506 3914 600 3968 hostes
618 3919 779 3968 inuaserant
797 3922 1075 3984 contempserantque
1094 3919 1171 3968 cuius
1185 3918 1332 3970 Catauueus
1348 3920 1393 3968 im·

203 3989 306 4053 perium
324 4000 465 4051 peperere,
494 3985 660 4050 quodmodo
679 3986 771 4036 hostes
794 3986 957 4036 inuaserant
974 3990 1248 4051 contemseruntque,
1269 3988 1394 4052 quoniam

203 4054 360 4119 imperabat
377 4055 402 4103 is
422 4054 583 4118 (imperator
598 4054 622 4103 is
641 4054 810 4119 Schwarziss)
830 4055 907 4104 cuius
925 4055 950 4108 I.
971 4057 1000 4104 F.
1022 4056 1162 4106 Gronovius
1184 4055 1238 4106 obs.
1257 4056 1277 4105 Ι
1280 4057 1306 4106 V
1322 4055 1356 4105 16
1372 4061 1395 4104 et

204 4124 371 4174 Sckworziuc.
388 4125 465 4186 pluro
482 4125 557 4172 etiam
575 4139 648 4186 quum
670 4139 734 4188 quoe
757 4123 789 4172 ab
811 4123 952 4174 editoribus
974 4125 1065 4174 addita
1084 4130 1143 4173 suut
1165 4125 1294 4175 excidisse
1313 4125 1394 4174 uidea-

205 4200 246 4241 tur
349 4193 480 4255 loquum
502 4190 526 4239 si
543 4191 760 4255 triumpharetur
777 4202 794 4245 ς
816 4206 896 4256 quam
915 4191 992 4241 sicab
1010 4191 1066 4242 iliis
1085 4191 1303 4254 triumpharetur
1323 4192 1394 4242 caea-

205 4275 282 4310 naeus
300 4274 380 4324 quam
400 4257 472 4322 quod
483 4259 700 4324 triumpharetur
716 4261 801 4310 codex
818 4260 928 4310 Lirineii
1013 4260 1044 4309 14
1065 4257 1178 4309 uidetB
1266 4261 1298 4310 15
1316 4261 1395 4325 impe·

204 4333 324 4378 ratorum
342 4342 441 4377 nomen
458 4326 479 4374 B
533 4330 563 4378 17
583 4328 738 4390 accepimus
756 4341 801 4376 ac.
821 4327 970 4392 accipimus
989 4327 1113 4378 obsides:
1133 4341 1198 4391 ergo
1216 4343 1271 4378 nou
1284 4327 1395 4378 emimus

205 4396 372 4446 Mommsecus
452 4409 506 4444 nou
526 4396 630 4444 eminus
648 4397 668 4443 B
754 4397 786 4445 18
805 4394 913 4445 damnis
930 4396 953 4444 A
971 4397 1067 4445 damus
1084 4397 1104 4444 B
1123 4395 1203 4445 donis
1220 4396 1246 4458 d,
1264 4399 1290 4446 iu
1307 4398 1396 4446 luuuro

204 4478 284 4514 om.c
352 4463 521 4526 paciscimur
539 4464 682 4513 Caranusca
699 4464 839 4526 pascimur
855 4464 944 4512 ABcd
1012 4466 1044 4512 21
1064 4478 1100 4512 an
1118 4463 1201 4513 cm.A
1269 4467 1304 4515 23
1321 4465 1396 4529 ripas

206 4531 271 4596 gelu
288 4532 373 4580 Abcd
391 4530 455 4596 gelu
472 4531 547 4595 ripas
566 4531 602 4593 fla
671 4531 785 4580 duratus
804 4529 928 4595 glacies
997 4534 1030 4582 25
1047 4531 1096 4581 ubi
1114 4544 1194 4582 onae
