3024 5062
511 247 754 296 enunciamus
777 245 818 294 ιι.
840 245 881 295 ra.
903 246 945 298 49.
1262 237 1324 303 355

134 399 257 484 obices,
280 399 361 465 nulli
384 401 648 466 contumeliarum
669 403 787 487 gradus
815 403 1035 488 superatisque
1056 404 1121 469 iam
1136 405 1223 470 mille
1243 407 1325 471 limi-

133 502 227 566 nibus
255 503 341 567 ultra
369 525 494 588 semper
521 504 626 588 aliqua
654 503 733 568 dura
761 507 794 568 et
821 504 994 570 obstantia.
1031 528 1151 592 magna
1179 513 1254 573 ante
1281 512 1324 594 te,

133 625 254 689 magna
275 607 350 689 post
370 607 420 689 te,
450 605 540 670 iuxta
567 608 600 670 te
627 608 736 670 tamen
764 606 903 671 maxima
926 608 1033 692 quies:
1060 611 1187 674 tantum
1208 611 1325 696 ubique

134 706 312 789 silentium,
334 710 402 771 tam
426 707 509 772 altus
531 707 649 793 pudor,
678 711 715 772 ut
736 708 776 772 ad
798 730 913 793 parvos
936 713 1069 794 penates
1093 714 1126 775 et
1147 713 1247 777 larem
1269 735 1325 778 an·

107 812 263 894 egestum
291 831 329 873 ex
357 810 450 875 domo
475 811 631 895 principis
657 811 833 876 modestiae
861 815 894 876 et
914 813 1158 897 tranquillitatis
1181 815 1326 899 exempla

133 913 323 977 referantur.
353 912 423 996 ipse
439 916 545 977 autem
561 916 597 978 ut
613 913 733 998 excipis
749 915 875 978 omnes!
891 917 928 978 ut
942 916 1106 999 expectes!
1123 919 1160 980 ut
1173 939 1326 1002 magnam
1334 920 1376 984 48

132 1017 257 1100 partem
280 1014 401 1080 dierum
423 1016 509 1080 inter
530 1018 580 1080 tot
601 1016 729 1100 imperii
745 1038 836 1081 curas
852 1016 944 1101 quasi
958 1038 1016 1101 per
1031 1018 1131 1082 otium
1153 1020 1324 1104 transigis!

132 1116 240 1202 itaque
262 1139 328 1182 non
351 1117 407 1182 alii
429 1120 462 1182 et
489 1118 619 1183 attoniti
648 1141 709 1184 nec
732 1122 768 1183 ut
789 1119 966 1203 periculum
990 1119 1105 1203 capitis
1129 1120 1247 1186 adituri
1261 1125 1325 1186 tar-

133 1219 249 1304 ditate,
273 1221 329 1284 sed
346 1221 453 1285 securi
476 1223 509 1285 et
530 1219 666 1305 hilares,
697 1243 769 1286 cum
792 1220 991 1286 commodum
1014 1226 1077 1306 est,
1105 1224 1326 1319 convenimus3

94 1343 121 1384 ιο
134 1324 167 1386 et
188 1322 379 1387 admittente
394 1323 541 1409 principe
556 1323 718 1388 interdum
741 1327 790 1388 est
812 1323 933 1409 aliquid
948 1323 1032 1408 quod
1054 1346 1112 1389 nos
1135 1325 1220 1390 domi
1235 1327 1326 1411 quasi

132 1424 236 1509 magis
263 1425 478 1490 necessarium
512 1428 638 1491 teneat:
674 1425 816 1490 excusati
849 1446 974 1509 semper
1001 1425 1061 1490 tibi
1088 1448 1149 1491 nec
1175 1450 1326 1512 umquam

133 1526 306 1591 excusandi
333 1549 450 1592 sumus.
494 1527 556 1592 scis
589 1527 675 1592 enim
709 1527 771 1592 sibi
798 1547 954 1612 quemque
988 1531 1153 1612 praestare
1179 1528 1263 1614 quod
1292 1533 1325 1595 te

132 1628 255 1712 rideat,
284 1628 367 1714 quod
395 1633 428 1694 te
449 1629 649 1715 frequentet,
683 1652 720 1694 ae
746 1632 840 1694 tanto
868 1628 1033 1693 liberalius
1063 1651 1102 1694 ac
1129 1630 1249 1695 diutius
1271 1654 1324 1697 vo

131 1730 265 1816 luptatis
292 1731 386 1796 huius
417 1732 540 1816 copiam
573 1732 718 1816 praebes.
761 1753 821 1796 nec
848 1730 1057 1795 salutationes
1084 1735 1157 1796 tuas
1184 1732 1264 1819 fuga
1292 1738 1325 1799 et

93 1853 117 1893 ιι
131 1835 265 1899 vastitas
288 1836 446 1918 sequitur:
474 1856 686 1918 remoramur,
715 1833 893 1898 resistimus
921 1832 1014 1897 utin
1037 1835 1198 1899 communi
1220 1836 1322 1922 domo,

130 1958 226 2029 quam
249 1958 353 2020 nuper
379 1936 435 2000 illa
456 1937 689 2001 immanissima
715 1936 810 2000 belua
836 1935 975 2020 plurimo
1002 1938 1123 2001 terrore
1150 1939 1321 2024 munierat,

131 2061 203 2103 cum
226 2038 313 2103 velut
333 2038 470 2123 quodam
492 2060 589 2123 specu
610 2038 735 2103 inclusa
756 2060 844 2103 nunc
857 2037 1110 2122 propinquorum
1132 2041 1323 2125 sanguinem

129 2141 302 2225 lamberet,
331 2163 419 2206 nunc
436 2136 479 2206 vse
508 2140 548 2205 ad
576 2140 823 2205 clarissimorum
851 2140 968 2204 civium
994 2142 1120 2224 strages
1149 2143 1323 2227 caedesque

129 2244 298 2329 proferret.
336 2243 588 2308 obversabantur
608 2243 731 2307 foribus
758 2241 871 2307 horror
899 2245 932 2306 et
953 2241 1061 2305 minae
1084 2245 1116 2306 et
1137 2265 1196 2327 par
1218 2248 1321 2310 metus

90 2364 117 2405 ao
130 2344 277 2410 admissis
300 2347 333 2408 et
354 2343 504 2409 exclusis:
533 2344 656 2409 adhoc
683 2344 752 2428 ipse
775 2365 908 2409 occursu
930 2364 1053 2428 quoque
1076 2345 1208 2429 visuque
1229 2348 1321 2411 terri-

129 2448 220 2513 bilis:
243 2446 394 2532 superbia
414 2446 450 2510 in
471 2446 595 2531 fronte,
624 2446 673 2511 ira
695 2447 730 2510 in
752 2445 868 2530 oculis,
892 2445 1050 2510 femineus
1072 2447 1176 2530 pallor
1196 2448 1231 2511 in
1255 2470 1321 2513 cor-

128 2573 222 2636 pore,
249 2550 285 2614 in
313 2571 366 2614 ore
395 2548 594 2634 impudentia
616 2549 717 2626 multo
738 2548 853 2612 rubore
875 2548 1003 2612 suffusa.
1040 2569 1106 2613 non
1128 2549 1215 2614 adire
1236 2551 1320 2634 quis·

128 2674 241 2737 quam,
270 2673 337 2715 non
366 2650 494 2737 adloqui
523 2651 660 2716 audebat
685 2651 835 2716 tenebras
863 2673 988 2735 semper
1015 2654 1232 2736 secretumque
1270 2675 1319 2718 ca-

127 2755 276 2837 ptantem
292 2774 351 2817 nec
366 2775 517 2838 umquam
533 2775 571 2817 ex
593 2753 765 2819 solitudine
787 2776 845 2818 sua
859 2753 1079 2838 prodeuntem,
1102 2754 1165 2818 nisi
1188 2758 1224 2820 ut
1246 2755 1318 2820 scli-

88 2874 115 2915 as
128 2855 274 2919 tudinem
306 2855 437 2920 faceret.
485 2854 540 2919 ille
572 2857 680 2920 tamen
713 2855 828 2940 quibus
861 2855 923 2918 sibi
955 2854 1131 2938 parietibus
1160 2859 1193 2920 et
1219 2856 1367 2922 muris49

126 2956 265 3022 salutem
286 2978 376 3021 suam
390 2957 474 3021 tueri
487 2956 670 3041 videbatur,
693 2957 800 3022 dolum
814 2979 922 3022 secum
940 2959 973 3020 et
986 2955 1120 3021 insidias
1136 2960 1169 3022 et
1182 2957 1319 3024 ultorem

127 3060 283 3126 scelerum
310 3058 404 3123 deum
431 3059 572 3124 inclusit.
615 3058 749 3124 dimovit
776 3059 994 3144 perfregitque
1028 3058 1187 3123 custodias
1215 3081 1320 3145 poena

127 3164 346 3248 angustosque
368 3183 427 3246 per
455 3160 559 3225 aditus
587 3164 620 3225 et
641 3161 821 3227 obstructos
848 3184 914 3227 non
937 3182 1027 3226 secus
1051 3182 1088 3225 ac
1109 3183 1168 3245 per
1190 3166 1319 3248 apertas

126 3264 213 3330 fores
236 3267 269 3329 et
295 3261 469 3328 invitantia
495 3263 608 3328 limina
634 3263 773 3348 inrupit,
802 3265 960 3349 longeque
987 3266 1066 3328 tunc
1093 3263 1142 3327 illi
1164 3264 1319 3329 divinitas

197 3492 209 3540 1
229 3488 453 3541 contumeliorum
473 3488 574 3552 gradus
593 3487 608 3550 β
628 3485 854 3537 contumeliarum
873 3487 1100 3537 contumeliarum
1119 3485 1218 3552 gradus
1236 3487 1253 3536 b

125 3557 269 3608 liminibus
285 3558 370 3607 Bacd
387 3556 561 3606 limitibusA
638 3558 736 3605 2ante
755 3552 795 3620 te]
816 3570 851 3604 an
873 3554 935 3617 tess
1004 3557 1110 3606 3iusta
1128 3555 1189 3618 teli
1257 3559 1321 3607 tan-

125 3632 239 3691 tumque
257 3626 394 3689 ubiquess
463 3627 555 3675 4tam
574 3621 656 3688 altus]
676 3624 809 3673 tantusA
872 3629 898 3671 et
918 3623 951 3672 ad
969 3621 1089 3686 laremss
1141 3622 1319 3674 bmclestiae

124 3695 143 3744 b
225 3693 363 3758 exemplar
381 3694 538 3743 referantur
556 3707 570 3742 c
588 3690 726 3752 exemplar
742 3690 916 3741 reseraturi
1001 3692 1017 3740 8
1034 3692 1129 3756 itaque
1148 3706 1201 3740 non
1221 3691 1271 3740 alii
1291 3698 1319 3742 et

126 3764 170 3824 (ut
187 3760 213 3824 c)
232 3763 347 3810 attoniti
364 3761 425 3811 nco
442 3761 538 3824 itaque
556 3776 606 3811 nos
630 3759 680 3808 alii
698 3759 810 3808 attoniti
826 3773 844 3807 a
862 3763 944 3823 atque
962 3774 1013 3810 nos
1031 3758 1080 3808 alii
1097 3774 1148 3809 nec
1166 3759 1279 3809 attoniti
1296 3760 1319 3808 A

125 3832 223 3894 itaque
241 3844 296 3879 non
313 3834 344 3879 ut
361 3829 432 3879 alias
452 3829 564 3878 attoniti
582 3828 736 3878 Coronaeus.
752 3827 867 3889 fortasse
880 3828 974 3891 itaque
987 3842 1042 3876 non
1060 3826 1155 3890 pallidi
1169 3826 1219 3888 (ael
1230 3827 1318 3890 anxii)

125 3901 156 3947 et
174 3897 285 3947 attoniti
337 3892 484 3963 tarditate]
509 3896 582 3946 tardi
601 3895 636 3946 ad
655 3901 682 3944 te
701 3895 806 3959 Lipsius
858 3895 1005 3957 9sortarae
1025 3903 1051 3944 et
1071 3895 1318 3946 cumcommodum

125 3969 170 4017 est
239 3966 268 4015 11
288 3979 485 4029 necumquam
502 3965 590 4029 magis
609 3962 798 4015 excusandiB
852 3964 883 4012 13
902 3962 972 4027 quod
990 3962 1190 4024 tefrequentet
1208 3962 1228 4011 B
1247 3963 1319 4026 quod

125 4033 287 4098 frequentet
302 4033 348 4083 Ad
365 4037 393 4083 et
410 4033 570 4095 frequentet
587 4046 601 4081 c
721 4046 755 4080 ac
774 4033 851 4080 tanto
868 4030 932 4079 Bau
949 4037 977 4079 et
995 4034 1072 4079 tanto
1090 4030 1113 4078 A
1131 4045 1164 4079 ac
1183 4031 1285 4080 iterato
1303 4045 1318 4080 c

195 4102 227 4151 15
244 4101 399 4151 resistimus
417 4100 446 4150 in
463 4099 541 4150 domo
561 4099 696 4150 communi
715 4099 834 4163 quamA
904 4100 935 4148 18
948 4098 1047 4148 civium
1066 4099 1153 4148 onaA
1221 4099 1254 4148 20
1272 4114 1318 4147 oc·

124 4182 208 4221 cursa
224 4171 335 4234 qnoque
349 4169 465 4233 uisuque
481 4168 524 4217 Bd
542 4183 676 4218 concursu
690 4181 798 4231 quoque
816 4167 967 4231 uisuqueA
985 4179 1118 4215 concursu
1136 4166 1252 4230 uisuque
1270 4180 1284 4215 c

123 4240 159 4289 22
176 4235 347 4302 impudentia
364 4237 408 4285 Ad
424 4235 610 4301 imprudentia
627 4232 843 4300 B'impudicicia
860 4248 874 4283 c
934 4236 967 4284 ‘23
985 4233 1088 4282 audeat
1105 4232 1125 4281 B
1193 4236 1227 4284 24
1244 4234 1319 4284 solli·

123 4304 281 4368 citudiuab
349 4319 400 4355 sua
419 4304 644 4355 -solitudinem
667 4304 749 4354 om.b
828 4300 1079 4364 sollieitudinemss
1164 4303 1197 4351 at
1216 4299 1314 4367 poena]

123 4388 214 4442 panas
229 4370 253 4421 A
270 4375 355 4424 adscr.
374 4374 401 4423 ia
417 4389 497 4439 scarp.
515 4372 533 4422 l'
552 4378 669 4437 penates
686 4369 721 4420 Δ2
739 4376 873 4437 poenates
891 4385 908 4418 a
958 4370 991 4420 28
1011 4374 1123 4434 apertas
1134 4369 1218 4418 Bacd
1235 4375 1318 4435 aptas

123 4446 147 4494 A
228 4442 261 4492 29
279 4439 415 4491 luminat
485 4440 618 4492 diuinitas
635 4442 659 4490 A
675 4442 761 4491 adcor.
780 4440 807 4490 in
824 4453 905 4504 marp.
924 4437 942 4487 l'
960 4436 1108 4489 diuersitas
1127 4439 1144 4488 l’
1162 4437 1274 4489 diuersa
1284 4437 1319 4487 Αἱ

121 4510 271 4564 diuersitas
288 4523 306 4557 a

1062 4592 1116 4642 23*
