<?xml version="1.0" encoding="UTF-8"?>
<!DOCTYPE html PUBLIC "-//W3C//DTD XHTML 1.0 Transitional//EN"
    "http://www.w3.org/TR/xhtml1/DTD/xhtml1-transitional.dtd">
<html xmlns="http://www.w3.org/1999/xhtml" xml:lang="en" lang="en">
 <head>
  <title>
</title>
<meta http-equiv="Content-Type" content="text/html;charset=utf-8" />
  <meta name='ocr-system' content='tesseract 3.04.00' />
  <meta name='ocr-capabilities' content='ocr_page ocr_carea ocr_par ocr_line ocrx_word'/>
</head>
<body>
  <div class='ocr_page' id='page_1' title='image "./cplinicaecilise03plingoog_0417.png"; bbox 0 0 3024 5062; ppageno 0'>
   <div class='ocr_carea' id='block_1_1' title="bbox 169 274 840 338">
    <p class='ocr_par' dir='ltr' id='par_1_1' title="bbox 169 274 840 338">
     <span class='ocr_line' id='line_1_1' title="bbox 169 274 840 338; baseline -0.001 0"><span class='ocrx_word' id='word_1_1' title='bbox 169 274 232 338; x_wconf 88' lang='lat'><strong>364</strong></span> <span class='ocrx_word' id='word_1_2' title='bbox 690 290 720 338; x_wconf 86' lang='lat' dir='ltr'><strong>o.</strong></span> <span class='ocrx_word' id='word_1_3' title='bbox 743 291 840 338; x_wconf 76' lang='lat' dir='ltr'><strong>nunu</strong></span> 
     </span>
    </p>
   </div>
   <div class='ocr_carea' id='block_1_2' title="bbox 92 442 1402 3491">
    <p class='ocr_par' dir='ltr' id='par_1_2' title="bbox 118 442 1389 1242">
     <span class='ocr_line' id='line_1_2' title="bbox 171 442 1365 532; baseline 0.003 -24"><span class='ocrx_word' id='word_1_4' title='bbox 171 442 312 508; x_wconf 83' lang='lat' dir='ltr'><strong>cusasti?</strong></span> <span class='ocrx_word' id='word_1_5' title='bbox 333 446 468 508; x_wconf 87' lang='lat' dir='ltr'><strong>tantone</strong></span> <span class='ocrx_word' id='word_1_6' title='bbox 482 443 620 529; x_wconf 84' lang='lat' dir='ltr'><strong>Papiriis</strong></span> <span class='ocrx_word' id='word_1_7' title='bbox 644 444 742 509; x_wconf 87' lang='lat' dir='ltr'><strong>etiam</strong></span> <span class='ocrx_word' id='word_1_8' title='bbox 764 447 797 508; x_wconf 88' lang='lat' dir='ltr'><strong>et</strong></span> <span class='ocrx_word' id='word_1_9' title='bbox 818 443 959 520; x_wconf 81' lang='lat' dir='ltr'><strong>Quintiis</strong></span> <span class='ocrx_word' id='word_1_10' title='bbox 981 445 1175 510; x_wconf 78' lang='lat' dir='ltr'><strong>moderatior</strong></span> <span class='ocrx_word' id='word_1_11' title='bbox 1197 445 1365 532; x_wconf 79' lang='lat' dir='ltr'><strong>Augustus</strong></span> 
     </span>
     <span class='ocr_line' id='line_1_3' title="bbox 169 544 1365 632; baseline 0.003 -22"><span class='ocrx_word' id='word_1_12' title='bbox 169 550 202 611; x_wconf 88' lang='lat' dir='ltr'><strong>et</strong></span> <span class='ocrx_word' id='word_1_13' title='bbox 224 544 341 612; x_wconf 82' lang='lat' dir='ltr'><strong>Caesar</strong></span> <span class='ocrx_word' id='word_1_14' title='bbox 363 549 396 610; x_wconf 90' lang='lat' dir='ltr'><strong>et</strong></span> <span class='ocrx_word' id='word_1_15' title='bbox 417 549 510 630; x_wconf 89' lang='lat' dir='ltr'><strong>pater</strong></span> <span class='ocrx_word' id='word_1_16' title='bbox 531 545 681 630; x_wconf 79' lang='lat' dir='ltr'><strong>patriae?</strong></span> <span class='ocrx_word' id='word_1_17' title='bbox 709 549 744 610; x_wconf 91' lang='lat' dir='ltr'><strong>at</strong></span> <span class='ocrx_word' id='word_1_18' title='bbox 771 545 843 610; x_wconf 89' lang='lat' dir='ltr'><strong>illos</strong></span> <span class='ocrx_word' id='word_1_19' title='bbox 870 568 921 610; x_wconf 90' lang='lat' dir='ltr'><strong>res</strong></span> <span class='ocrx_word' id='word_1_20' title='bbox 951 546 1080 631; x_wconf 91' lang='lat' dir='ltr'><strong>publica</strong></span> <span class='ocrx_word' id='word_1_21' title='bbox 1110 547 1225 612; x_wconf 88' lang='lat' dir='ltr'><strong>ciebat.</strong></span> <span class='ocrx_word' id='word_1_22' title='bbox 1263 548 1365 632; x_wconf 77' lang='lat' dir='ltr'><strong>quid?</strong></span> 
     </span>
     <span class='ocr_line' id='line_1_4' title="bbox 170 648 1363 734; baseline 0 -20"><span class='ocrx_word' id='word_1_23' title='bbox 170 653 202 714; x_wconf 91' lang='lat' dir='ltr'><strong>te</strong></span> <span class='ocrx_word' id='word_1_24' title='bbox 224 670 288 713; x_wconf 89' lang='lat' dir='ltr'><strong>non</strong></span> <span class='ocrx_word' id='word_1_25' title='bbox 312 648 423 712; x_wconf 89' lang='lat' dir='ltr'><strong>eadem</strong></span> <span class='ocrx_word' id='word_1_26' title='bbox 444 670 495 713; x_wconf 91' lang='lat' dir='ltr'><strong>res</strong></span> <span class='ocrx_word' id='word_1_27' title='bbox 517 648 670 733; x_wconf 83' lang='lat' dir='ltr'><strong>publica?</strong></span> <span class='ocrx_word' id='word_1_28' title='bbox 702 671 768 714; x_wconf 91' lang='lat' dir='ltr'><strong>non</strong></span> <span class='ocrx_word' id='word_1_29' title='bbox 796 648 950 714; x_wconf 83' lang='lat' dir='ltr'><strong>senatus?</strong></span> <span class='ocrx_word' id='word_1_30' title='bbox 981 671 1048 714; x_wconf 89' lang='lat' dir='ltr'><strong>non</strong></span> <span class='ocrx_word' id='word_1_31' title='bbox 1077 648 1261 714; x_wconf 86' lang='lat' dir='ltr'><strong>consulatus</strong></span> <span class='ocrx_word' id='word_1_32' title='bbox 1284 649 1363 734; x_wconf 92' lang='lat' dir='ltr'><strong>ipse,</strong></span> 
     </span>
     <span class='ocr_line' id='line_1_5' title="bbox 118 748 1364 835; baseline 0.002 -23"><span class='ocrx_word' id='word_1_33' title='bbox 118 748 159 812; x_wconf 82' lang='lat'><strong>58</strong></span> <span class='ocrx_word' id='word_1_34' title='bbox 169 751 223 835; x_wconf 91' lang='lat' dir='ltr'><strong>qui</strong></span> <span class='ocrx_word' id='word_1_35' title='bbox 252 749 312 814; x_wconf 89' lang='lat' dir='ltr'><strong>sibi</strong></span> <span class='ocrx_word' id='word_1_36' title='bbox 344 749 408 814; x_wconf 89' lang='lat' dir='ltr'><strong>tuis</strong></span> <span class='ocrx_word' id='word_1_37' title='bbox 436 749 553 814; x_wconf 90' lang='lat' dir='ltr'><strong>umeris</strong></span> <span class='ocrx_word' id='word_1_38' title='bbox 588 749 691 815; x_wconf 88' lang='lat' dir='ltr'><strong>attolli</strong></span> <span class='ocrx_word' id='word_1_39' title='bbox 720 753 753 816; x_wconf 91' lang='lat' dir='ltr'><strong>et</strong></span> <span class='ocrx_word' id='word_1_40' title='bbox 782 771 954 835; x_wconf 80' lang='lat' dir='ltr'>augescere</span> <span class='ocrx_word' id='word_1_41' title='bbox 982 750 1133 816; x_wconf 80' lang='lat' dir='ltr'><strong>ridetur?</strong></span> <span class='ocrx_word' id='word_1_42' title='bbox 1164 773 1231 816; x_wconf 91' lang='lat' dir='ltr'><strong>non</strong></span> <span class='ocrx_word' id='word_1_43' title='bbox 1262 754 1296 815; x_wconf 95' lang='lat' dir='ltr'><strong>te</strong></span> <span class='ocrx_word' id='word_1_44' title='bbox 1324 751 1364 815; x_wconf 92' lang='lat' dir='ltr'><strong>ad</strong></span> 
     </span>
     <span class='ocr_line' id='line_1_6' title="bbox 170 851 1389 938; baseline -0.002 -21"><span class='ocrx_word' id='word_1_45' title='bbox 170 853 332 936; x_wconf 85' lang='lat' dir='ltr'><strong>exemplar</strong></span> <span class='ocrx_word' id='word_1_46' title='bbox 354 852 421 916; x_wconf 90' lang='lat' dir='ltr'><strong>eius</strong></span> <span class='ocrx_word' id='word_1_47' title='bbox 444 873 521 916; x_wconf 87' lang='lat' dir='ltr'><strong>voco</strong></span> <span class='ocrx_word' id='word_1_48' title='bbox 527 901 536 935; x_wconf 97' lang='lat'><strong>,</strong></span> <span class='ocrx_word' id='word_1_49' title='bbox 566 852 626 937; x_wconf 92' lang='lat' dir='ltr'><strong>qui·</strong></span> <span class='ocrx_word' id='word_1_50' title='bbox 650 852 811 918; x_wconf 74' lang='lat' dir='ltr'><strong>continuis</strong></span> <span class='ocrx_word' id='word_1_51' title='bbox 840 852 1058 917; x_wconf 88' lang='lat' dir='ltr'><strong>consulatibus</strong></span> <span class='ocrx_word' id='word_1_52' title='bbox 1086 853 1209 917; x_wconf 86' lang='lat' dir='ltr'><strong>fecerat</strong></span> <span class='ocrx_word' id='word_1_53' title='bbox 1230 851 1389 938; x_wconf 77' lang='lat' dir='ltr'><strong>longuma</strong></span> 
     </span>
     <span class='ocr_line' id='line_1_7' title="bbox 170 953 1364 1038; baseline 0 -20"><span class='ocrx_word' id='word_1_54' title='bbox 170 953 328 1038; x_wconf 87' lang='lat' dir='ltr'><strong>quendam</strong></span> <span class='ocrx_word' id='word_1_55' title='bbox 351 957 384 1018; x_wconf 88' lang='lat' dir='ltr'><strong>et</strong></span> <span class='ocrx_word' id='word_1_56' title='bbox 406 953 475 1018; x_wconf 87' lang='lat' dir='ltr'><strong>sine</strong></span> <span class='ocrx_word' id='word_1_57' title='bbox 497 953 681 1019; x_wconf 87' lang='lat' dir='ltr'><strong>discrimine</strong></span> <span class='ocrx_word' id='word_1_58' title='bbox 705 976 841 1018; x_wconf 90' lang='lat' dir='ltr'><strong>annum:</strong></span> <span class='ocrx_word' id='word_1_59' title='bbox 864 953 904 1018; x_wconf 92' lang='lat' dir='ltr'><strong>iis</strong></span> <span class='ocrx_word' id='word_1_60' title='bbox 918 957 952 1018; x_wconf 91' lang='lat' dir='ltr'><strong>te</strong></span> <span class='ocrx_word' id='word_1_61' title='bbox 968 953 1114 1038; x_wconf 89' lang='lat' dir='ltr'><strong>confero,</strong></span> <span class='ocrx_word' id='word_1_62' title='bbox 1138 975 1218 1038; x_wconf 89' lang='lat' dir='ltr'><strong>quos</strong></span> <span class='ocrx_word' id='word_1_63' title='bbox 1241 957 1364 1018; x_wconf 85' lang='lat' dir='ltr'><strong>certum</strong></span> 
     </span>
     <span class='ocr_line' id='line_1_8' title="bbox 170 1055 1364 1140; baseline 0.001 -20"><span class='ocrx_word' id='word_1_64' title='bbox 170 1059 234 1140; x_wconf 87' lang='lat' dir='ltr'><strong>est,</strong></span> <span class='ocrx_word' id='word_1_65' title='bbox 268 1057 415 1138; x_wconf 88' lang='lat' dir='ltr'><strong>quotiens</strong></span> <span class='ocrx_word' id='word_1_66' title='bbox 445 1055 590 1121; x_wconf 89' lang='lat' dir='ltr'><strong>consules</strong></span> <span class='ocrx_word' id='word_1_67' title='bbox 618 1055 766 1139; x_wconf 89' lang='lat' dir='ltr'><strong>fuerunt,</strong></span> <span class='ocrx_word' id='word_1_68' title='bbox 794 1077 861 1120; x_wconf 89' lang='lat' dir='ltr'><strong>non</strong></span> <span class='ocrx_word' id='word_1_69' title='bbox 889 1055 951 1120; x_wconf 90' lang='lat' dir='ltr'><strong>sibi</strong></span> <span class='ocrx_word' id='word_1_70' title='bbox 978 1056 1188 1140; x_wconf 74' lang='lat' dir='ltr'><strong>praestitisse.</strong></span> <span class='ocrx_word' id='word_1_71' title='bbox 1232 1060 1303 1122; x_wconf 89' lang='lat' dir='ltr'><strong>erat</strong></span> <span class='ocrx_word' id='word_1_72' title='bbox 1329 1058 1364 1121; x_wconf 91' lang='lat' dir='ltr'><strong>in</strong></span> 
     </span>
     <span class='ocr_line' id='line_1_9' title="bbox 169 1156 1362 1242; baseline 0 -19"><span class='ocrx_word' id='word_1_73' title='bbox 169 1161 283 1223; x_wconf 89' lang='lat' dir='ltr'><strong>senatu</strong></span> <span class='ocrx_word' id='word_1_74' title='bbox 305 1161 355 1222; x_wconf 84' lang='lat' dir='ltr'><strong>ter</strong></span> <span class='ocrx_word' id='word_1_75' title='bbox 378 1156 504 1242; x_wconf 85' lang='lat' dir='ltr'><strong>consul,</strong></span> <span class='ocrx_word' id='word_1_76' title='bbox 528 1179 599 1223; x_wconf 88' lang='lat' dir='ltr'><strong>cum</strong></span> <span class='ocrx_word' id='word_1_77' title='bbox 621 1161 657 1222; x_wconf 91' lang='lat' dir='ltr'><strong>tu</strong></span> <span class='ocrx_word' id='word_1_78' title='bbox 679 1159 810 1223; x_wconf 91' lang='lat' dir='ltr'><strong>tertium</strong></span> <span class='ocrx_word' id='word_1_79' title='bbox 833 1158 1033 1223; x_wconf 86' lang='lat' dir='ltr'><strong>consulatum</strong></span> <span class='ocrx_word' id='word_1_80' title='bbox 1047 1158 1227 1224; x_wconf 82' lang='lat' dir='ltr'><strong>recusabas.</strong></span> <span class='ocrx_word' id='word_1_81' title='bbox 1251 1180 1362 1223; x_wconf 87' lang='lat' dir='ltr'><strong>onero-</strong></span> 
     </span>
    </p>

    <p class='ocr_par' dir='ltr' id='par_1_3' title="bbox 92 1258 1402 2876">
     <span class='ocr_line' id='line_1_10' title="bbox 92 1258 1365 1342; baseline 0 -18"><span class='ocrx_word' id='word_1_82' title='bbox 92 1280 95 1287; x_wconf 91' lang='lat'>·</span> <span class='ocrx_word' id='word_1_83' title='bbox 127 1281 131 1288; x_wconf 89' lang='lat'>·</span> <span class='ocrx_word' id='word_1_84' title='bbox 170 1282 240 1324; x_wconf 90' lang='lat' dir='ltr'><strong>sum</strong></span> <span class='ocrx_word' id='word_1_85' title='bbox 262 1259 370 1324; x_wconf 90' lang='lat' dir='ltr'><strong>nescio</strong></span> <span class='ocrx_word' id='word_1_86' title='bbox 394 1258 469 1342; x_wconf 91' lang='lat' dir='ltr'><strong>quid</strong></span> <span class='ocrx_word' id='word_1_87' title='bbox 491 1259 700 1325; x_wconf 87' lang='lat' dir='ltr'><strong>verecundiae</strong></span> <span class='ocrx_word' id='word_1_88' title='bbox 722 1263 798 1324; x_wconf 89' lang='lat' dir='ltr'><strong>tuae</strong></span> <span class='ocrx_word' id='word_1_89' title='bbox 813 1281 987 1325; x_wconf 87' lang='lat' dir='ltr'><strong>consensus</strong></span> <span class='ocrx_word' id='word_1_90' title='bbox 1001 1263 1113 1325; x_wconf 79' lang='lat' dir='ltr'><strong>noster</strong></span> <span class='ocrx_word' id='word_1_91' title='bbox 1134 1259 1305 1342; x_wconf 85' lang='lat' dir='ltr'><strong>indixerat,</strong></span> <span class='ocrx_word' id='word_1_92' title='bbox 1330 1264 1365 1324; x_wconf 92' lang='lat' dir='ltr'><strong>ut</strong></span> 
     </span>
     <span class='ocr_line' id='line_1_11' title="bbox 170 1361 1402 1446; baseline 0 -22"><span class='ocrx_word' id='word_1_93' title='bbox 170 1361 320 1445; x_wconf 90' lang='lat' dir='ltr'><strong>princeps</strong></span> <span class='ocrx_word' id='word_1_94' title='bbox 341 1361 462 1426; x_wconf 87' lang='lat' dir='ltr'><strong>totiens</strong></span> <span class='ocrx_word' id='word_1_95' title='bbox 484 1361 595 1426; x_wconf 91' lang='lat' dir='ltr'><strong>consul</strong></span> <span class='ocrx_word' id='word_1_96' title='bbox 617 1383 716 1445; x_wconf 90' lang='lat' dir='ltr'><strong>esses,</strong></span> <span class='ocrx_word' id='word_1_97' title='bbox 740 1361 888 1446; x_wconf 91' lang='lat' dir='ltr'><strong>quotiens</strong></span> <span class='ocrx_word' id='word_1_98' title='bbox 910 1365 1040 1427; x_wconf 87' lang='lat' dir='ltr'><strong>senator</strong></span> <span class='ocrx_word' id='word_1_99' title='bbox 1061 1366 1152 1426; x_wconf 88' lang='lat' dir='ltr'><strong>tuus:</strong></span> <span class='ocrx_word' id='word_1_100' title='bbox 1175 1362 1277 1426; x_wconf 92' lang='lat' dir='ltr'><strong>nimia</strong></span> <span class='ocrx_word' id='word_1_101' title='bbox 1300 1383 1363 1427; x_wconf 90' lang='lat' dir='ltr'><strong>mo·</strong></span> <span class='ocrx_word' id='word_1_102' title='bbox 1380 1385 1402 1424; x_wconf 87' lang='grc' dir='ltr'><strong>ιι</strong></span> 
     </span>
     <span class='ocr_line' id='line_1_12' title="bbox 171 1463 1364 1548; baseline 0.001 -22"><span class='ocrx_word' id='word_1_103' title='bbox 171 1463 273 1526; x_wconf 85' lang='lat' dir='ltr'><strong>destia</strong></span> <span class='ocrx_word' id='word_1_104' title='bbox 295 1463 380 1527; x_wconf 91' lang='lat' dir='ltr'><strong>istud</strong></span> <span class='ocrx_word' id='word_1_105' title='bbox 403 1464 499 1528; x_wconf 88' lang='lat' dir='ltr'><strong>etiam</strong></span> <span class='ocrx_word' id='word_1_106' title='bbox 521 1464 665 1548; x_wconf 86' lang='lat' dir='ltr'><strong>privatus</strong></span> <span class='ocrx_word' id='word_1_107' title='bbox 687 1479 875 1529; x_wconf 79' lang='lat' dir='ltr'><strong>recusasses.</strong></span> <span class='ocrx_word' id='word_1_108' title='bbox 911 1487 953 1528; x_wconf 92' lang='lat' dir='ltr'><strong>an</strong></span> <span class='ocrx_word' id='word_1_109' title='bbox 970 1463 1145 1530; x_wconf 89' lang='lat' dir='ltr'><strong>consularis</strong></span> <span class='ocrx_word' id='word_1_110' title='bbox 1168 1464 1229 1528; x_wconf 86' lang='lat' dir='ltr'><strong>viri</strong></span> <span class='ocrx_word' id='word_1_111' title='bbox 1251 1463 1364 1528; x_wconf 90' lang='lat' dir='ltr'><strong>trium-</strong></span> 
     </span>
     <span class='ocr_line' id='line_1_13' title="bbox 171 1564 1365 1650; baseline 0.001 -22"><span class='ocrx_word' id='word_1_112' title='bbox 171 1564 340 1650; x_wconf 79' lang='lat' dir='ltr'><strong>phalisque</strong></span> <span class='ocrx_word' id='word_1_113' title='bbox 354 1565 449 1649; x_wconf 79' lang='lat' dir='ltr'><strong>filius,</strong></span> <span class='ocrx_word' id='word_1_114' title='bbox 474 1587 543 1630; x_wconf 90' lang='lat' dir='ltr'><strong>cum</strong></span> <span class='ocrx_word' id='word_1_115' title='bbox 561 1565 656 1630; x_wconf 87' lang='lat' dir='ltr'><strong>tertio</strong></span> <span class='ocrx_word' id='word_1_116' title='bbox 672 1565 783 1631; x_wconf 88' lang='lat' dir='ltr'><strong>consul</strong></span> <span class='ocrx_word' id='word_1_117' title='bbox 799 1568 935 1649; x_wconf 89' lang='lat' dir='ltr'><strong>creatur,</strong></span> <span class='ocrx_word' id='word_1_118' title='bbox 951 1565 1117 1634; x_wconf 73' lang='lat' dir='ltr'><strong>ascendit?</strong></span> <span class='ocrx_word' id='word_1_119' title='bbox 1139 1587 1204 1630; x_wconf 89' lang='lat' dir='ltr'><strong>non</strong></span> <span class='ocrx_word' id='word_1_120' title='bbox 1221 1565 1365 1630; x_wconf 86' lang='lat' dir='ltr'><strong>debitum</strong></span> 
     </span>
     <span class='ocr_line' id='line_1_14' title="bbox 170 1665 1364 1753; baseline 0 -22"><span class='ocrx_word' id='word_1_121' title='bbox 170 1665 231 1731; x_wconf 91' lang='lat' dir='ltr'><strong>hoc</strong></span> <span class='ocrx_word' id='word_1_122' title='bbox 246 1666 318 1731; x_wconf 79' lang='lat' dir='ltr'><strong>illi?</strong></span> <span class='ocrx_word' id='word_1_123' title='bbox 338 1688 406 1732; x_wconf 91' lang='lat' dir='ltr'><strong>non</strong></span> <span class='ocrx_word' id='word_1_124' title='bbox 423 1666 472 1732; x_wconf 86' lang='lat' dir='ltr'><strong>vel</strong></span> <span class='ocrx_word' id='word_1_125' title='bbox 487 1666 555 1731; x_wconf 91' lang='lat' dir='ltr'><strong>sola</strong></span> <span class='ocrx_word' id='word_1_126' title='bbox 577 1667 705 1753; x_wconf 89' lang='lat' dir='ltr'><strong>generis</strong></span> <span class='ocrx_word' id='word_1_127' title='bbox 725 1667 871 1732; x_wconf 89' lang='lat' dir='ltr'><strong>claritate</strong></span> <span class='ocrx_word' id='word_1_128' title='bbox 881 1666 1113 1752; x_wconf 84' lang='lat' dir='ltr'><strong>promeritum?</strong></span> <span class='ocrx_word' id='word_1_129' title='bbox 1136 1667 1275 1753; x_wconf 90' lang='lat' dir='ltr'><strong>contigit</strong></span> <span class='ocrx_word' id='word_1_130' title='bbox 1287 1688 1364 1753; x_wconf 90' lang='lat' dir='ltr'><strong>ergo</strong></span> 
     </span>
     <span class='ocr_line' id='line_1_15' title="bbox 171 1768 1364 1854; baseline 0.002 -22"><span class='ocrx_word' id='word_1_131' title='bbox 171 1768 305 1852; x_wconf 88' lang='lat' dir='ltr'><strong>privatis</strong></span> <span class='ocrx_word' id='word_1_132' title='bbox 327 1769 450 1854; x_wconf 89' lang='lat' dir='ltr'><strong>aperire</strong></span> <span class='ocrx_word' id='word_1_133' title='bbox 478 1790 599 1833; x_wconf 91' lang='lat' dir='ltr'><strong>annum</strong></span> <span class='ocrx_word' id='word_1_134' title='bbox 620 1768 783 1854; x_wconf 89' lang='lat' dir='ltr'><strong>fastosque</strong></span> <span class='ocrx_word' id='word_1_135' title='bbox 805 1791 964 1854; x_wconf 90' lang='lat' dir='ltr'><strong>reserare,</strong></span> <span class='ocrx_word' id='word_1_136' title='bbox 994 1774 1027 1835; x_wconf 89' lang='lat' dir='ltr'><strong>et</strong></span> <span class='ocrx_word' id='word_1_137' title='bbox 1054 1769 1114 1835; x_wconf 89' lang='lat' dir='ltr'><strong>hoc</strong></span> <span class='ocrx_word' id='word_1_138' title='bbox 1141 1790 1268 1854; x_wconf 89' lang='lat' dir='ltr'><strong>quoque</strong></span> <span class='ocrx_word' id='word_1_139' title='bbox 1295 1768 1364 1834; x_wconf 89' lang='lat' dir='ltr'><strong>red·</strong></span> 
     </span>
     <span class='ocr_line' id='line_1_16' title="bbox 171 1869 1402 1957; baseline 0 -23"><span class='ocrx_word' id='word_1_140' title='bbox 171 1871 257 1935; x_wconf 90' lang='lat' dir='ltr'><strong>ditae</strong></span> <span class='ocrx_word' id='word_1_141' title='bbox 283 1869 443 1936; x_wconf 86' lang='lat' dir='ltr'><strong>libertatis</strong></span> <span class='ocrx_word' id='word_1_142' title='bbox 473 1869 628 1936; x_wconf 91' lang='lat' dir='ltr'><strong>indicium</strong></span> <span class='ocrx_word' id='word_1_143' title='bbox 649 1871 727 1955; x_wconf 86' lang='lat' dir='ltr'><strong>fuit,</strong></span> <span class='ocrx_word' id='word_1_144' title='bbox 762 1871 845 1957; x_wconf 89' lang='lat' dir='ltr'><strong>quod</strong></span> <span class='ocrx_word' id='word_1_145' title='bbox 874 1872 982 1937; x_wconf 83' lang='lat' dir='ltr'><strong>consui</strong></span> <span class='ocrx_word' id='word_1_146' title='bbox 1013 1871 1093 1936; x_wconf 87' lang='lat' dir='ltr'><strong>alius</strong></span> <span class='ocrx_word' id='word_1_147' title='bbox 1121 1893 1218 1956; x_wconf 89' lang='lat' dir='ltr'><strong>quam</strong></span> <span class='ocrx_word' id='word_1_148' title='bbox 1246 1869 1366 1936; x_wconf 83' lang='lat' dir='ltr'><strong>Caesar</strong></span> <span class='ocrx_word' id='word_1_149' title='bbox 1379 1894 1402 1934; x_wconf 77' lang='grc' dir='ltr'><strong>ιι</strong></span> 
     </span>
     <span class='ocr_line' id='line_1_17' title="bbox 171 1973 1364 2059; baseline 0 -22"><span class='ocrx_word' id='word_1_150' title='bbox 171 1976 264 2038; x_wconf 88' lang='lat' dir='ltr'><strong>esset.</strong></span> <span class='ocrx_word' id='word_1_151' title='bbox 301 1974 348 2038; x_wconf 92' lang='lat' dir='ltr'><strong>sic</strong></span> <span class='ocrx_word' id='word_1_152' title='bbox 370 1974 488 2038; x_wconf 87' lang='lat' dir='ltr'><strong>exactis</strong></span> <span class='ocrx_word' id='word_1_153' title='bbox 510 1974 639 2059; x_wconf 87' lang='lat' dir='ltr'><strong>regibus</strong></span> <span class='ocrx_word' id='word_1_154' title='bbox 668 1973 774 2058; x_wconf 87' lang='lat' dir='ltr'><strong>coepit</strong></span> <span class='ocrx_word' id='word_1_155' title='bbox 801 1974 882 2039; x_wconf 87' lang='lat' dir='ltr'><strong>liber</strong></span> <span class='ocrx_word' id='word_1_156' title='bbox 904 1997 1021 2040; x_wconf 89' lang='lat' dir='ltr'><strong>annus:</strong></span> <span class='ocrx_word' id='word_1_157' title='bbox 1049 1974 1096 2040; x_wconf 89' lang='lat' dir='ltr'><strong>sic</strong></span> <span class='ocrx_word' id='word_1_158' title='bbox 1122 1974 1199 2039; x_wconf 92' lang='lat' dir='ltr'><strong>olim</strong></span> <span class='ocrx_word' id='word_1_159' title='bbox 1227 1973 1364 2038; x_wconf 85' lang='lat' dir='ltr'><strong>servitus</strong></span> 
     </span>
     <span class='ocr_line' id='line_1_18' title="bbox 170 2075 1365 2160; baseline 0 -20"><span class='ocrx_word' id='word_1_160' title='bbox 170 2075 262 2160; x_wconf 87' lang='lat' dir='ltr'><strong>pulsa</strong></span> <span class='ocrx_word' id='word_1_161' title='bbox 283 2075 410 2160; x_wconf 89' lang='lat' dir='ltr'><strong>privata</strong></span> <span class='ocrx_word' id='word_1_162' title='bbox 432 2076 524 2140; x_wconf 84' lang='lat' dir='ltr'><strong>fastis</strong></span> <span class='ocrx_word' id='word_1_163' title='bbox 545 2076 678 2140; x_wconf 89' lang='lat' dir='ltr'><strong>nomina</strong></span> <span class='ocrx_word' id='word_1_164' title='bbox 698 2077 836 2142; x_wconf 87' lang='lat' dir='ltr'><strong>induxit.</strong></span> <span class='ocrx_word' id='word_1_165' title='bbox 866 2077 999 2142; x_wconf 90' lang='lat' dir='ltr'><strong>miseros</strong></span> <span class='ocrx_word' id='word_1_166' title='bbox 1028 2076 1224 2160; x_wconf 86' lang='lat' dir='ltr'><strong>ambitionis,</strong></span> <span class='ocrx_word' id='word_1_167' title='bbox 1248 2075 1365 2160; x_wconf 80' lang='lat' dir='ltr'><strong>quiite</strong></span> 
     </span>
     <span class='ocr_line' id='line_1_19' title="bbox 171 2178 1364 2265; baseline 0 -24"><span class='ocrx_word' id='word_1_168' title='bbox 171 2178 316 2241; x_wconf 90' lang='lat' dir='ltr'><strong>consules</strong></span> <span class='ocrx_word' id='word_1_169' title='bbox 338 2199 463 2263; x_wconf 86' lang='lat' dir='ltr'><strong>semper</strong></span> <span class='ocrx_word' id='word_1_170' title='bbox 483 2181 519 2265; x_wconf 89' lang='lat' dir='ltr'><strong>ut</strong></span> <span class='ocrx_word' id='word_1_171' title='bbox 541 2199 665 2265; x_wconf 79' lang='lat' dir='ltr'><strong>semper</strong></span> <span class='ocrx_word' id='word_1_172' title='bbox 684 2179 845 2264; x_wconf 80' lang='lat' dir='ltr'><strong>principer</strong></span> <span class='ocrx_word' id='word_1_173' title='bbox 868 2181 976 2245; x_wconf 89' lang='lat' dir='ltr'><strong>erant!</strong></span> <span class='ocrx_word' id='word_1_174' title='bbox 1000 2200 1193 2264; x_wconf 88' lang='lat' dir='ltr'><strong>quamquam</strong></span> <span class='ocrx_word' id='word_1_175' title='bbox 1209 2199 1277 2242; x_wconf 87' lang='lat' dir='ltr'><strong>non</strong></span> <span class='ocrx_word' id='word_1_176' title='bbox 1300 2199 1364 2242; x_wconf 91' lang='lat' dir='ltr'><strong>am-</strong></span> 
     </span>
     <span class='ocr_line' id='line_1_20' title="bbox 170 2264 1364 2367; baseline 0.001 -24"><span class='ocrx_word' id='word_1_177' title='bbox 170 2279 250 2344; x_wconf 92' lang='lat' dir='ltr'><strong>bitio</strong></span> <span class='ocrx_word' id='word_1_178' title='bbox 272 2279 376 2365; x_wconf 90' lang='lat' dir='ltr'><strong>magis</strong></span> <span class='ocrx_word' id='word_1_179' title='bbox 398 2301 492 2364; x_wconf 85' lang='lat' dir='ltr'><strong>quam</strong></span> <span class='ocrx_word' id='word_1_180' title='bbox 516 2264 651 2345; x_wconf 74' lang='lat' dir='ltr'><strong>livoi³at</strong></span> <span class='ocrx_word' id='word_1_181' title='bbox 673 2280 860 2367; x_wconf 80' lang='lat' dir='ltr'><strong>malignitas</strong></span> <span class='ocrx_word' id='word_1_182' title='bbox 880 2280 981 2346; x_wconf 85' lang='lat' dir='ltr'><strong>videri</strong></span> <span class='ocrx_word' id='word_1_183' title='bbox 1002 2283 1111 2366; x_wconf 89' lang='lat' dir='ltr'><strong>potest</strong></span> <span class='ocrx_word' id='word_1_184' title='bbox 1126 2301 1238 2345; x_wconf 88' lang='lat' dir='ltr'><strong>omncs</strong></span> <span class='ocrx_word' id='word_1_185' title='bbox 1261 2301 1364 2345; x_wconf 88' lang='lat' dir='ltr'><strong>annos</strong></span> 
     </span>
     <span class='ocr_line' id='line_1_21' title="bbox 169 2370 1401 2468; baseline 0.001 -22"><span class='ocrx_word' id='word_1_186' title='bbox 169 2382 330 2467; x_wconf 88' lang='lat' dir='ltr'><strong>possidere</strong></span> <span class='ocrx_word' id='word_1_187' title='bbox 353 2403 573 2466; x_wconf 85' lang='lat' dir='ltr'><strong>summumque</strong></span> <span class='ocrx_word' id='word_1_188' title='bbox 594 2382 672 2447; x_wconf 91' lang='lat' dir='ltr'><strong>illud</strong></span> <span class='ocrx_word' id='word_1_189' title='bbox 687 2404 847 2468; x_wconf 88' lang='lat' dir='ltr'><strong>purpurae</strong></span> <span class='ocrx_word' id='word_1_190' title='bbox 863 2383 957 2448; x_wconf 88' lang='lat' dir='ltr'><strong>decus</strong></span> <span class='ocrx_word' id='word_1_191' title='bbox 979 2383 1123 2448; x_wconf 87' lang='lat' dir='ltr'><strong>nonnisi</strong></span> <span class='ocrx_word' id='word_1_192' title='bbox 1138 2370 1364 2467; x_wconf 84' lang='lat' dir='ltr'><strong>praecerptum</strong></span> <span class='ocrx_word' id='word_1_193' title='bbox 1377 2409 1401 2448; x_wconf 79' lang='grc' dir='ltr'><strong>ιι</strong></span> 
     </span>
     <span class='ocr_line' id='line_1_22' title="bbox 168 2483 1363 2570; baseline 0.001 -22"><span class='ocrx_word' id='word_1_194' title='bbox 168 2484 458 2568; x_wconf 88' lang='lat' dir='ltr'><strong>praefloratumque</strong></span> <span class='ocrx_word' id='word_1_195' title='bbox 485 2483 715 2549; x_wconf 87' lang='lat' dir='ltr'><strong>transmittere.</strong></span> <span class='ocrx_word' id='word_1_196' title='bbox 764 2489 851 2550; x_wconf 88' lang='lat' dir='ltr'><strong>tuam</strong></span> <span class='ocrx_word' id='word_1_197' title='bbox 886 2507 961 2550; x_wconf 87' lang='lat' dir='ltr'><strong>vero</strong></span> <span class='ocrx_word' id='word_1_198' title='bbox 988 2484 1293 2570; x_wconf 84' lang='lat' dir='ltr'><strong>magnanimitatem</strong></span> <span class='ocrx_word' id='word_1_199' title='bbox 1321 2507 1363 2549; x_wconf 90' lang='lat' dir='ltr'><strong>an</strong></span> 
     </span>
     <span class='ocr_line' id='line_1_23' title="bbox 170 2585 1364 2672; baseline 0 -21"><span class='ocrx_word' id='word_1_200' title='bbox 170 2585 356 2651; x_wconf 89' lang='lat' dir='ltr'><strong>modestiam</strong></span> <span class='ocrx_word' id='word_1_201' title='bbox 390 2608 431 2650; x_wconf 91' lang='lat' dir='ltr'><strong>an</strong></span> <span class='ocrx_word' id='word_1_202' title='bbox 460 2585 696 2671; x_wconf 85' lang='lat' dir='ltr'><strong>benignitatem</strong></span> <span class='ocrx_word' id='word_1_203' title='bbox 723 2587 812 2672; x_wconf 90' lang='lat' dir='ltr'><strong>prius</strong></span> <span class='ocrx_word' id='word_1_204' title='bbox 840 2586 959 2651; x_wconf 83' lang='lat' dir='ltr'><strong>mirer?</strong></span> <span class='ocrx_word' id='word_1_205' title='bbox 993 2586 1274 2672; x_wconf 86' lang='lat' dir='ltr'><strong>magnanimitatis</strong></span> <span class='ocrx_word' id='word_1_206' title='bbox 1301 2587 1364 2651; x_wconf 89' lang='lat' dir='ltr'><strong>fuit</strong></span> 
     </span>
     <span class='ocr_line' id='line_1_24' title="bbox 170 2686 1363 2775; baseline 0 -21"><span class='ocrx_word' id='word_1_207' title='bbox 170 2689 310 2774; x_wconf 85' lang='lat' dir='ltr'><strong>expetito</strong></span> <span class='ocrx_word' id='word_1_208' title='bbox 332 2709 457 2773; x_wconf 89' lang='lat' dir='ltr'><strong>semper</strong></span> <span class='ocrx_word' id='word_1_209' title='bbox 478 2686 599 2752; x_wconf 89' lang='lat' dir='ltr'><strong>honore</strong></span> <span class='ocrx_word' id='word_1_210' title='bbox 622 2688 801 2772; x_wconf 90' lang='lat' dir='ltr'><strong>abstinere,</strong></span> <span class='ocrx_word' id='word_1_211' title='bbox 825 2687 999 2753; x_wconf 88' lang='lat' dir='ltr'><strong>modestiae</strong></span> <span class='ocrx_word' id='word_1_212' title='bbox 1021 2689 1148 2772; x_wconf 86' lang='lat' dir='ltr'><strong>cedere,</strong></span> <span class='ocrx_word' id='word_1_213' title='bbox 1178 2688 1363 2775; x_wconf 87' lang='lat' dir='ltr'><strong>benignita·</strong></span> 
     </span>
     <span class='ocr_line' id='line_1_25' title="bbox 169 2790 1394 2876; baseline -0.004 -20"><span class='ocrx_word' id='word_1_214' title='bbox 169 2792 210 2856; x_wconf 88' lang='lat' dir='ltr'><strong>tis</strong></span> <span class='ocrx_word' id='word_1_215' title='bbox 233 2813 290 2876; x_wconf 88' lang='lat' dir='ltr'><strong>per</strong></span> <span class='ocrx_word' id='word_1_216' title='bbox 312 2790 390 2855; x_wconf 87' lang='lat' dir='ltr'><strong>alios</strong></span> <span class='ocrx_word' id='word_1_217' title='bbox 411 2790 486 2855; x_wconf 85' lang='lat' dir='ltr'><strong>frui.</strong></span> <span class='ocrx_word' id='word_1_218' title='bbox 1391 2806 1394 2811; x_wconf 57' lang='lat'><strong>⁴</strong></span> 
     </span>
    </p>

    <p class='ocr_par' dir='ltr' id='par_1_4' title="bbox 117 2891 1398 3491">
     <span class='ocr_line' id='line_1_26' title="bbox 117 2891 1398 2978; baseline 0.003 -22"><span class='ocrx_word' id='word_1_219' title='bbox 117 2891 160 2956; x_wconf 80' lang='lat'><strong>59</strong></span> <span class='ocrx_word' id='word_1_220' title='bbox 254 2893 315 2959; x_wconf 85' lang='lat' dir='ltr'><strong>Sed</strong></span> <span class='ocrx_word' id='word_1_221' title='bbox 337 2894 402 2958; x_wconf 89' lang='lat' dir='ltr'><strong>iarn</strong></span> <span class='ocrx_word' id='word_1_222' title='bbox 423 2896 549 2978; x_wconf 91' lang='lat' dir='ltr'><strong>tempus</strong></span> <span class='ocrx_word' id='word_1_223' title='bbox 571 2897 620 2958; x_wconf 88' lang='lat' dir='ltr'><strong>est</strong></span> <span class='ocrx_word' id='word_1_224' title='bbox 642 2896 680 2958; x_wconf 71' lang='lat' dir='ltr'><strong>&#39;te</strong></span> <span class='ocrx_word' id='word_1_225' title='bbox 701 2892 763 2978; x_wconf 86' lang='lat' dir='ltr'><strong>ipsi</strong></span> <span class='ocrx_word' id='word_1_226' title='bbox 787 2893 966 2959; x_wconf 88' lang='lat' dir='ltr'><strong>consulatui</strong></span> <span class='ocrx_word' id='word_1_227' title='bbox 993 2896 1171 2978; x_wconf 89' lang='lat' dir='ltr'><strong>praestare,</strong></span> <span class='ocrx_word' id='word_1_228' title='bbox 1205 2896 1242 2958; x_wconf 91' lang='lat' dir='ltr'><strong>ut</strong></span> <span class='ocrx_word' id='word_1_229' title='bbox 1263 2893 1398 2960; x_wconf 80' lang='lat' dir='ltr'><strong>maio-as</strong></span> 
     </span>
     <span class='ocr_line' id='line_1_27' title="bbox 169 2995 1363 3082; baseline 0 -22"><span class='ocrx_word' id='word_1_230' title='bbox 169 3017 237 3060; x_wconf 91' lang='lat' dir='ltr'><strong>rem</strong></span> <span class='ocrx_word' id='word_1_231' title='bbox 259 3017 331 3060; x_wconf 90' lang='lat' dir='ltr'><strong>eum</strong></span> <span class='ocrx_word' id='word_1_232' title='bbox 352 2995 554 3080; x_wconf 89' lang='lat' dir='ltr'><strong>suscipiendo</strong></span> <span class='ocrx_word' id='word_1_233' title='bbox 581 2996 784 3082; x_wconf 89' lang='lat' dir='ltr'><strong>gerendoque</strong></span> <span class='ocrx_word' id='word_1_234' title='bbox 811 2997 923 3062; x_wconf 88' lang='lat' dir='ltr'><strong>facias.</strong></span> <span class='ocrx_word' id='word_1_235' title='bbox 961 3019 1037 3061; x_wconf 90' lang='lat' dir='ltr'><strong>nam</strong></span> <span class='ocrx_word' id='word_1_236' title='bbox 1065 2996 1192 3080; x_wconf 89' lang='lat' dir='ltr'><strong>saepius</strong></span> <span class='ocrx_word' id='word_1_237' title='bbox 1215 3017 1363 3060; x_wconf 91' lang='lat' dir='ltr'><strong>recusare</strong></span> 
     </span>
     <span class='ocr_line' id='line_1_28' title="bbox 169 3096 1360 3185; baseline 0 -23"><span class='ocrx_word' id='word_1_238' title='bbox 169 3097 353 3183; x_wconf 88' lang='lat' dir='ltr'><strong>ambiguam</strong></span> <span class='ocrx_word' id='word_1_239' title='bbox 376 3119 413 3162; x_wconf 88' lang='lat' dir='ltr'><strong>ac</strong></span> <span class='ocrx_word' id='word_1_240' title='bbox 435 3099 540 3182; x_wconf 90' lang='lat' dir='ltr'><strong>potius</strong></span> <span class='ocrx_word' id='word_1_241' title='bbox 563 3097 651 3162; x_wconf 86' lang='lat' dir='ltr'><strong>iliam</strong></span> <span class='ocrx_word' id='word_1_242' title='bbox 674 3097 971 3185; x_wconf 86' lang='lat' dir='ltr'><strong>interpretationem</strong></span> <span class='ocrx_word' id='word_1_243' title='bbox 987 3096 1099 3182; x_wconf 88' lang='lat' dir='ltr'><strong>habet,</strong></span> <span class='ocrx_word' id='word_1_244' title='bbox 1123 3101 1290 3182; x_wconf 87' lang='lat' dir='ltr'><strong>tamquam</strong></span> <span class='ocrx_word' id='word_1_245' title='bbox 1306 3098 1360 3162; x_wconf 91' lang='lat' dir='ltr'><strong>mi·</strong></span> 
     </span>
     <span class='ocr_line' id='line_1_29' title="bbox 168 3199 1361 3285; baseline -0.001 -21"><span class='ocrx_word' id='word_1_246' title='bbox 168 3221 280 3264; x_wconf 90' lang='lat' dir='ltr'><strong>norem</strong></span> <span class='ocrx_word' id='word_1_247' title='bbox 307 3202 410 3285; x_wconf 90' lang='lat' dir='ltr'><strong>putes.</strong></span> <span class='ocrx_word' id='word_1_248' title='bbox 447 3203 482 3264; x_wconf 88' lang='lat' dir='ltr'><strong>tu</strong></span> <span class='ocrx_word' id='word_1_249' title='bbox 505 3199 630 3284; x_wconf 90' lang='lat' dir='ltr'><strong>quidem</strong></span> <span class='ocrx_word' id='word_1_250' title='bbox 657 3203 694 3264; x_wconf 98' lang='lat' dir='ltr'><strong>ut</strong></span> <span class='ocrx_word' id='word_1_251' title='bbox 721 3200 896 3264; x_wconf 88' lang='lat' dir='ltr'><strong>maximum</strong></span> <span class='ocrx_word' id='word_1_252' title='bbox 925 3200 1095 3285; x_wconf 79' lang='lat' dir='ltr'><strong>recusasti3</strong></span> <span class='ocrx_word' id='word_1_253' title='bbox 1123 3201 1180 3278; x_wconf 83' lang='lat' dir='ltr'><strong>sed</strong></span> <span class='ocrx_word' id='word_1_254' title='bbox 1207 3199 1270 3265; x_wconf 89' lang='lat' dir='ltr'><strong>hoc</strong></span> <span class='ocrx_word' id='word_1_255' title='bbox 1292 3222 1361 3285; x_wconf 89' lang='lat' dir='ltr'><strong>per-</strong></span> 
     </span>
     <span class='ocr_line' id='line_1_30' title="bbox 169 3301 1393 3387; baseline 0 -21"><span class='ocrx_word' id='word_1_256' title='bbox 169 3302 301 3366; x_wconf 88' lang='lat' dir='ltr'><strong>suadere</strong></span> <span class='ocrx_word' id='word_1_257' title='bbox 323 3302 444 3367; x_wconf 91' lang='lat' dir='ltr'><strong>nemini</strong></span> <span class='ocrx_word' id='word_1_258' title='bbox 466 3302 601 3386; x_wconf 87' lang='lat' dir='ltr'><strong>poteris,</strong></span> <span class='ocrx_word' id='word_1_259' title='bbox 625 3301 688 3366; x_wconf 90' lang='lat' dir='ltr'><strong>nisi</strong></span> <span class='ocrx_word' id='word_1_260' title='bbox 711 3302 883 3387; x_wconf 88' lang='lat' dir='ltr'><strong>aliquando</strong></span> <span class='ocrx_word' id='word_1_261' title='bbox 904 3304 937 3367; x_wconf 91' lang='lat' dir='ltr'><strong>et</strong></span> <span class='ocrx_word' id='word_1_262' title='bbox 958 3324 1024 3367; x_wconf 92' lang='lat' dir='ltr'><strong>non</strong></span> <span class='ocrx_word' id='word_1_263' title='bbox 1046 3301 1255 3368; x_wconf 87' lang='lat' dir='ltr'><strong>recusaveris.</strong></span> <span class='ocrx_word' id='word_1_264' title='bbox 1290 3325 1393 3368; x_wconf 77' lang='lat' dir='ltr'><strong>cuma</strong></span> 
     </span>
     <span class='ocr_line' id='line_1_31' title="bbox 169 3403 1359 3491; baseline 0.002 -23"><span class='ocrx_word' id='word_1_265' title='bbox 169 3426 276 3489; x_wconf 89' lang='lat' dir='ltr'><strong>arcus,</strong></span> <span class='ocrx_word' id='word_1_266' title='bbox 300 3426 372 3469; x_wconf 91' lang='lat' dir='ltr'><strong>cum</strong></span> <span class='ocrx_word' id='word_1_267' title='bbox 393 3407 544 3489; x_wconf 88' lang='lat' dir='ltr'><strong>tropaea,</strong></span> <span class='ocrx_word' id='word_1_268' title='bbox 568 3426 640 3470; x_wconf 90' lang='lat' dir='ltr'><strong>cum</strong></span> <span class='ocrx_word' id='word_1_269' title='bbox 661 3407 785 3470; x_wconf 87' lang='lat' dir='ltr'><strong>statuas</strong></span> <span class='ocrx_word' id='word_1_270' title='bbox 799 3405 994 3491; x_wconf 89' lang='lat' dir='ltr'><strong>deprecaris,</strong></span> <span class='ocrx_word' id='word_1_271' title='bbox 1017 3403 1189 3470; x_wconf 90' lang='lat' dir='ltr'><strong>tribuenda</strong></span> <span class='ocrx_word' id='word_1_272' title='bbox 1210 3408 1261 3470; x_wconf 91' lang='lat' dir='ltr'><strong>est</strong></span> <span class='ocrx_word' id='word_1_273' title='bbox 1275 3427 1359 3470; x_wconf 87' lang='lat' dir='ltr'><strong>vere-</strong></span> 
     </span>
    </p>
   </div>
   <div class='ocr_carea' id='block_1_3' title="bbox 165 3746 1357 4632">
    <p class='ocr_par' dir='ltr' id='par_1_5' title="bbox 165 3746 1357 4632">
     <span class='ocr_line' id='line_1_32' title="bbox 236 3746 1357 3816; baseline 0.001 -16"><span class='ocrx_word' id='word_1_274' title='bbox 236 3752 248 3799; x_wconf 93' lang='lat'>1</span> <span class='ocrx_word' id='word_1_275' title='bbox 271 3749 387 3816; x_wconf 86' lang='lat' dir='ltr'><strong>papiriis</strong></span> <span class='ocrx_word' id='word_1_276' title='bbox 406 3749 489 3800; x_wconf 86' lang='lat' dir='ltr'><strong>ctiam</strong></span> <span class='ocrx_word' id='word_1_277' title='bbox 507 3747 593 3813; x_wconf 80' lang='lat' dir='ltr'><strong>(etiam</strong></span> <span class='ocrx_word' id='word_1_278' title='bbox 610 3765 657 3800; x_wconf 87' lang='lat' dir='ltr'><strong>cm.</strong></span> <span class='ocrx_word' id='word_1_279' title='bbox 673 3746 700 3815; x_wconf 82' lang='lat' dir='ltr'><strong>d)</strong></span> <span class='ocrx_word' id='word_1_280' title='bbox 721 3755 749 3801; x_wconf 83' lang='lat' dir='ltr'><strong>et</strong></span> <span class='ocrx_word' id='word_1_281' title='bbox 767 3749 881 3816; x_wconf 88' lang='lat' dir='ltr'><strong>quintiis</strong></span> <span class='ocrx_word' id='word_1_282' title='bbox 894 3751 938 3801; x_wconf 77' lang='lat' dir='ltr'><strong>Ar</strong></span> <span class='ocrx_word' id='word_1_283' title='bbox 955 3749 1080 3815; x_wconf 83' lang='lat' dir='ltr'><strong>papirius</strong></span> <span class='ocrx_word' id='word_1_284' title='bbox 1099 3749 1184 3800; x_wconf 79' lang='lat' dir='ltr'><strong>etiam</strong></span> <span class='ocrx_word' id='word_1_285' title='bbox 1202 3753 1230 3800; x_wconf 85' lang='lat' dir='ltr'><strong>et</strong></span> <span class='ocrx_word' id='word_1_286' title='bbox 1249 3749 1357 3816; x_wconf 83' lang='lat' dir='ltr'><strong>quintus</strong></span> 
     </span>
     <span class='ocr_line' id='line_1_33' title="bbox 168 3815 1356 3884; baseline 0.002 -16"><span class='ocrx_word' id='word_1_287' title='bbox 168 3815 301 3884; x_wconf 83' lang='lat' dir='ltr'><strong>(quintius</strong></span> <span class='ocrx_word' id='word_1_288' title='bbox 318 3818 342 3877; x_wconf 78' lang='lat' dir='ltr'><strong>o)</strong></span> <span class='ocrx_word' id='word_1_289' title='bbox 361 3818 401 3867; x_wconf 84' lang='lat' dir='ltr'><strong>Bc</strong></span> <span class='ocrx_word' id='word_1_290' title='bbox 458 3817 650 3868; x_wconf 85' lang='lat' dir='ltr'><strong>moderatorB</strong></span> <span class='ocrx_word' id='word_1_291' title='bbox 719 3818 789 3869; x_wconf 66' lang='lat' dir='ltr'><strong>iad</strong></span> <span class='ocrx_word' id='word_1_292' title='bbox 807 3817 908 3869; x_wconf 85' lang='lat' dir='ltr'><strong>illosB</strong></span> <span class='ocrx_word' id='word_1_293' title='bbox 977 3817 1133 3869; x_wconf 86' lang='lat' dir='ltr'><strong>4attollere</strong></span> <span class='ocrx_word' id='word_1_294' title='bbox 1153 3819 1214 3869; x_wconf 87' lang='lat' dir='ltr'><strong>etb</strong></span> <span class='ocrx_word' id='word_1_295' title='bbox 1286 3817 1356 3870; x_wconf 88' lang='lat' dir='ltr'><strong>uide-</strong></span> 
     </span>
     <span class='ocr_line' id='line_1_34' title="bbox 167 3884 1356 3937; baseline -0.001 -1"><span class='ocrx_word' id='word_1_296' title='bbox 167 3884 281 3936; x_wconf 73' lang='lat' dir='ltr'><strong>retur-A</strong></span> <span class='ocrx_word' id='word_1_297' title='bbox 349 3888 496 3936; x_wconf 83' lang='lat' dir='ltr'><strong>numteB</strong></span> <span class='ocrx_word' id='word_1_298' title='bbox 566 3886 977 3936; x_wconf 74' lang='lat' dir='ltr'><strong>biisteristedhisceB</strong></span> <span class='ocrx_word' id='word_1_299' title='bbox 1058 3886 1259 3937; x_wconf 72' lang='lat' dir='ltr'><strong>&#39;tfuerintAd</strong></span> <span class='ocrx_word' id='word_1_300' title='bbox 1328 3888 1356 3935; x_wconf 88' lang='lat'><strong>10</strong></span> 
     </span>
     <span class='ocr_line' id='line_1_35' title="bbox 168 3950 1356 4021; baseline 0.002 -19"><span class='ocrx_word' id='word_1_301' title='bbox 168 3950 227 4003; x_wconf 76' lang='lat' dir='ltr'><strong>cu‘m</strong></span> <span class='ocrx_word' id='word_1_302' title='bbox 246 3954 332 4004; x_wconf 86' lang='lat' dir='ltr'><strong>nimia</strong></span> <span class='ocrx_word' id='word_1_303' title='bbox 350 3954 467 4019; x_wconf 72' lang='lat' dir='ltr'><strong>Scaliger</strong></span> <span class='ocrx_word' id='word_1_304' title='bbox 536 3951 679 4021; x_wconf 85' lang='lat' dir='ltr'><strong>modestia]</strong></span> <span class='ocrx_word' id='word_1_305' title='bbox 699 3955 823 4005; x_wconf 86' lang='lat' dir='ltr'><strong>modiab</strong></span> <span class='ocrx_word' id='word_1_306' title='bbox 911 3958 941 4004; x_wconf 90' lang='grc'><strong>12</strong></span> <span class='ocrx_word' id='word_1_307' title='bbox 961 3954 1043 4005; x_wconf 87' lang='lat' dir='ltr'><strong>tertio</strong></span> <span class='ocrx_word' id='word_1_308' title='bbox 1062 3952 1158 4004; x_wconf 87' lang='lat' dir='ltr'><strong>consul</strong></span> <span class='ocrx_word' id='word_1_309' title='bbox 1176 3954 1263 4004; x_wconf 84' lang='lat' dir='ltr'><strong>Baod</strong></span> <span class='ocrx_word' id='word_1_310' title='bbox 1279 3954 1356 4005; x_wconf 84' lang='lat' dir='ltr'><strong>tertio</strong></span> 
     </span>
     <span class='ocr_line' id='line_1_36' title="bbox 167 4021 1357 4089; baseline 0 -19"><span class='ocrx_word' id='word_1_311' title='bbox 167 4022 352 4072; x_wconf 77' lang='lat' dir='ltr'><strong>consulatuA</strong></span> <span class='ocrx_word' id='word_1_312' title='bbox 421 4021 612 4085; x_wconf 68' lang='lat' dir='ltr'><strong>ascenditur-fl</strong></span> <span class='ocrx_word' id='word_1_313' title='bbox 636 4023 822 4073; x_wconf 84' lang='lat' dir='ltr'><strong>ostenditurb</strong></span> <span class='ocrx_word' id='word_1_314' title='bbox 893 4024 924 4073; x_wconf 85' lang='lat'><strong>13</strong></span> <span class='ocrx_word' id='word_1_315' title='bbox 942 4023 1115 4089; x_wconf 85' lang='lat' dir='ltr'><strong>premeritum</strong></span> <span class='ocrx_word' id='word_1_316' title='bbox 1134 4022 1170 4085; x_wconf 78' lang='grc' dir='ltr'><strong>βο</strong></span> <span class='ocrx_word' id='word_1_317' title='bbox 1224 4021 1357 4088; x_wconf 87' lang='lat' dir='ltr'><strong>contingit</strong></span> 
     </span>
     <span class='ocr_line' id='line_1_37' title="bbox 166 4090 1355 4157; baseline 0 -18"><span class='ocrx_word' id='word_1_318' title='bbox 166 4092 182 4139; x_wconf 85' lang='lat' dir='ltr'><strong>d</strong></span> <span class='ocrx_word' id='word_1_319' title='bbox 253 4091 283 4140; x_wconf 89' lang='lat'><strong>18</strong></span> <span class='ocrx_word' id='word_1_320' title='bbox 301 4106 355 4141; x_wconf 89' lang='lat' dir='ltr'><strong>non</strong></span> <span class='ocrx_word' id='word_1_321' title='bbox 375 4090 489 4140; x_wconf 90' lang='lat' dir='ltr'><strong>ambitio</strong></span> <span class='ocrx_word' id='word_1_322' title='bbox 509 4090 596 4153; x_wconf 85' lang='lat' dir='ltr'><strong>magis</strong></span> <span class='ocrx_word' id='word_1_323' title='bbox 615 4106 696 4157; x_wconf 86' lang='lat' dir='ltr'><strong>quam</strong></span> <span class='ocrx_word' id='word_1_324' title='bbox 713 4090 778 4154; x_wconf 79' lang='grc' dir='ltr'><strong>Δβᾱ</strong></span> <span class='ocrx_word' id='word_1_325' title='bbox 796 4107 848 4141; x_wconf 88' lang='lat' dir='ltr'><strong>uon</strong></span> <span class='ocrx_word' id='word_1_326' title='bbox 868 4091 981 4141; x_wconf 85' lang='lat' dir='ltr'><strong>ambitio</strong></span> <span class='ocrx_word' id='word_1_327' title='bbox 1001 4105 1082 4155; x_wconf 88' lang='lat' dir='ltr'><strong>quam</strong></span> <span class='ocrx_word' id='word_1_328' title='bbox 1099 4092 1136 4140; x_wconf 84' lang='lat' dir='ltr'><strong>bo</strong></span> <span class='ocrx_word' id='word_1_329' title='bbox 1154 4105 1208 4140; x_wconf 91' lang='lat' dir='ltr'><strong>non</strong></span> <span class='ocrx_word' id='word_1_330' title='bbox 1228 4095 1284 4142; x_wconf 87' lang='lat' dir='ltr'><strong>tam</strong></span> <span class='ocrx_word' id='word_1_331' title='bbox 1304 4106 1355 4140; x_wconf 83' lang='lat' dir='ltr'><strong>am·</strong></span> 
     </span>
     <span class='ocr_line' id='line_1_38' title="bbox 167 4156 1354 4226; baseline -0.001 -18"><span class='ocrx_word' id='word_1_332' title='bbox 167 4159 234 4208; x_wconf 88' lang='lat' dir='ltr'><strong>bitio</strong></span> <span class='ocrx_word' id='word_1_333' title='bbox 254 4174 334 4224; x_wconf 91' lang='lat' dir='ltr'><strong>quam</strong></span> <span class='ocrx_word' id='word_1_334' title='bbox 353 4161 409 4212; x_wconf 83' lang='lat' dir='ltr'><strong>cod.</strong></span> <span class='ocrx_word' id='word_1_335' title='bbox 428 4159 535 4208; x_wconf 77' lang='lat' dir='ltr'><strong>Medici.</strong></span> <span class='ocrx_word' id='word_1_336' title='bbox 613 4162 646 4210; x_wconf 92' lang='grc'><strong>20</strong></span> <span class='ocrx_word' id='word_1_337' title='bbox 664 4156 816 4226; x_wconf 87' lang='lat' dir='ltr'><strong>possidere]</strong></span> <span class='ocrx_word' id='word_1_338' title='bbox 837 4159 963 4210; x_wconf 87' lang='lat' dir='ltr'><strong>obsidere</strong></span> <span class='ocrx_word' id='word_1_339' title='bbox 982 4159 1006 4211; x_wconf 82' lang='grc' dir='ltr'><strong>Ι.</strong></span> <span class='ocrx_word' id='word_1_340' title='bbox 1024 4159 1056 4208; x_wconf 88' lang='lat' dir='ltr'><strong>F.</strong></span> <span class='ocrx_word' id='word_1_341' title='bbox 1076 4159 1217 4210; x_wconf 79' lang='lat' dir='ltr'><strong>Gronovius</strong></span> <span class='ocrx_word' id='word_1_342' title='bbox 1287 4174 1354 4209; x_wconf 80' lang='lat' dir='ltr'><strong>sum·</strong></span> 
     </span>
     <span class='ocr_line' id='line_1_39' title="bbox 167 4227 1355 4294; baseline 0.001 -19"><span class='ocrx_word' id='word_1_343' title='bbox 167 4241 292 4292; x_wconf 89' lang='lat' dir='ltr'><strong>mumque</strong></span> <span class='ocrx_word' id='word_1_344' title='bbox 310 4227 350 4276; x_wconf 85' lang='lat' dir='ltr'><strong>Bo</strong></span> <span class='ocrx_word' id='word_1_345' title='bbox 368 4242 499 4277; x_wconf 88' lang='lat' dir='ltr'><strong>summum</strong></span> <span class='ocrx_word' id='word_1_346' title='bbox 516 4227 561 4275; x_wconf 74' lang='lat' dir='ltr'><strong>Ad</strong></span> <span class='ocrx_word' id='word_1_347' title='bbox 646 4232 833 4293; x_wconf 88' lang='lat' dir='ltr'><strong>praecerptum</strong></span> <span class='ocrx_word' id='word_1_348' title='bbox 851 4228 871 4277; x_wconf 86' lang='lat' dir='ltr'>B</span> <span class='ocrx_word' id='word_1_349' title='bbox 890 4231 1065 4293; x_wconf 85' lang='lat' dir='ltr'><strong>praeceptum</strong></span> <span class='ocrx_word' id='word_1_350' title='bbox 1083 4227 1148 4276; x_wconf 72' lang='grc' dir='ltr'><strong>Διά</strong></span> <span class='ocrx_word' id='word_1_351' title='bbox 1229 4229 1260 4277; x_wconf 95' lang='grc'><strong>21</strong></span> <span class='ocrx_word' id='word_1_352' title='bbox 1280 4243 1355 4294; x_wconf 88' lang='lat' dir='ltr'><strong>prae·</strong></span> 
     </span>
     <span class='ocr_line' id='line_1_40' title="bbox 167 4294 1275 4361; baseline -0.001 -16"><span class='ocrx_word' id='word_1_353' title='bbox 167 4295 345 4360; x_wconf 80' lang='lat' dir='ltr'><strong>floretumque</strong></span> <span class='ocrx_word' id='word_1_354' title='bbox 363 4296 406 4344; x_wconf 74' lang='lat' dir='ltr'><strong>Ad</strong></span> <span class='ocrx_word' id='word_1_355' title='bbox 424 4294 669 4361; x_wconf 85' lang='lat' dir='ltr'><strong>preflossatumque</strong></span> <span class='ocrx_word' id='word_1_356' title='bbox 688 4296 702 4358; x_wconf 89' lang='grc' dir='ltr'>β</span> <span class='ocrx_word' id='word_1_357' title='bbox 721 4297 953 4361; x_wconf 81' lang='lat' dir='ltr'><strong>prefloxatumque</strong></span> <span class='ocrx_word' id='word_1_358' title='bbox 972 4295 988 4344; x_wconf 90' lang='lat' dir='ltr'><strong>b</strong></span> <span class='ocrx_word' id='word_1_359' title='bbox 1011 4295 1275 4360; x_wconf 86' lang='lat' dir='ltr'><strong>perfloratumqueo</strong></span> 
     </span>
     <span class='ocr_line' id='line_1_41' title="bbox 166 4362 1354 4430; baseline -0.002 -16"><span class='ocrx_word' id='word_1_360' title='bbox 166 4379 231 4414; x_wconf 86' lang='lat' dir='ltr'><strong>vero</strong></span> <span class='ocrx_word' id='word_1_361' title='bbox 249 4362 331 4424; x_wconf 83' lang='grc' dir='ltr'><strong>οιιι.β</strong></span> <span class='ocrx_word' id='word_1_362' title='bbox 399 4365 431 4413; x_wconf 89' lang='grc'><strong>22</strong></span> <span class='ocrx_word' id='word_1_363' title='bbox 450 4364 664 4427; x_wconf 84' lang='lat' dir='ltr'><strong>magnanimitas</strong></span> <span class='ocrx_word' id='word_1_364' title='bbox 683 4365 737 4414; x_wconf 84' lang='lat' dir='ltr'><strong>fuit</strong></span> <span class='ocrx_word' id='word_1_365' title='bbox 752 4365 793 4414; x_wconf 86' lang='lat' dir='ltr'><strong>Bo</strong></span> <span class='ocrx_word' id='word_1_366' title='bbox 861 4367 893 4415; x_wconf 87' lang='grc'><strong>23</strong></span> <span class='ocrx_word' id='word_1_367' title='bbox 908 4363 1104 4430; x_wconf 80' lang='lat' dir='ltr'><strong>benignitasB</strong></span> <span class='ocrx_word' id='word_1_368' title='bbox 1173 4365 1207 4414; x_wconf 77' lang='grc'><strong>25</strong></span> <span class='ocrx_word' id='word_1_369' title='bbox 1225 4367 1252 4415; x_wconf 81' lang='lat' dir='ltr'><strong>te</strong></span> <span class='ocrx_word' id='word_1_370' title='bbox 1271 4364 1354 4430; x_wconf 88' lang='lat' dir='ltr'><strong>ipsum</strong></span> 
     </span>
     <span class='ocr_line' id='line_1_42' title="bbox 168 4431 1356 4498; baseline 0.001 -17"><span class='ocrx_word' id='word_1_371' title='bbox 168 4431 310 4482; x_wconf 76' lang='lat' dir='ltr'><strong>Coronaeus</strong></span> <span class='ocrx_word' id='word_1_372' title='bbox 395 4432 427 4480; x_wconf 90' lang='grc'><strong>26</strong></span> <span class='ocrx_word' id='word_1_373' title='bbox 446 4431 566 4495; x_wconf 88' lang='lat' dir='ltr'><strong>gerendo</strong></span> <span class='ocrx_word' id='word_1_374' title='bbox 585 4433 675 4483; x_wconf 85' lang='lat' dir='ltr'><strong>facias</strong></span> <span class='ocrx_word' id='word_1_375' title='bbox 691 4433 708 4482; x_wconf 89' lang='lat' dir='ltr'><strong>b</strong></span> <span class='ocrx_word' id='word_1_376' title='bbox 726 4432 845 4496; x_wconf 86' lang='lat' dir='ltr'><strong>gerendo</strong></span> <span class='ocrx_word' id='word_1_377' title='bbox 864 4433 1050 4498; x_wconf 85' lang='lat' dir='ltr'><strong>augustiorem</strong></span> <span class='ocrx_word' id='word_1_378' title='bbox 1069 4432 1160 4482; x_wconf 82' lang='lat' dir='ltr'><strong>facias</strong></span> <span class='ocrx_word' id='word_1_379' title='bbox 1179 4433 1266 4483; x_wconf 75' lang='lat' dir='ltr'><strong>codex</strong></span> <span class='ocrx_word' id='word_1_380' title='bbox 1284 4433 1356 4482; x_wconf 81' lang='lat' dir='ltr'><strong>Pari·</strong></span> 
     </span>
     <span class='ocr_line' id='line_1_43' title="bbox 165 4498 1355 4631; baseline 0.001 -82"><span class='ocrx_word' id='word_1_381' title='bbox 165 4501 235 4549; x_wconf 78' lang='lat' dir='ltr'><strong>sinus</strong></span> <span class='ocrx_word' id='word_1_382' title='bbox 253 4498 394 4631; x_wconf 52' lang='lat' dir='ltr'><strong>&amp;mimi</strong></span> <span class='ocrx_word' id='word_1_383' title='bbox 409 4498 582 4564; x_wconf 83' lang='lat' dir='ltr'><strong>gerendoque</strong></span> <span class='ocrx_word' id='word_1_384' title='bbox 601 4500 788 4566; x_wconf 83' lang='lat' dir='ltr'><strong>augustiorem</strong></span> <span class='ocrx_word' id='word_1_385' title='bbox 807 4500 898 4551; x_wconf 86' lang='lat' dir='ltr'><strong>facias</strong></span> <span class='ocrx_word' id='word_1_386' title='bbox 918 4501 1045 4552; x_wconf 73' lang='lat' dir='ltr'><strong>decuerat</strong></span> <span class='ocrx_word' id='word_1_387' title='bbox 1095 4535 1096 4538; x_wconf 20' lang='grc' dir='ltr'><strong>κ</strong></span> <span class='ocrx_word' id='word_1_388' title='bbox 1122 4502 1154 4552; x_wconf 83' lang='grc'><strong>31</strong></span> <span class='ocrx_word' id='word_1_389' title='bbox 1169 4515 1231 4551; x_wconf 86' lang='lat' dir='ltr'><strong>cum</strong></span> <span class='ocrx_word' id='word_1_390' title='bbox 1250 4505 1355 4550; x_wconf 72' lang='lat' dir='ltr'><strong>statum</strong></span> 
     </span>
     <span class='ocr_line' id='line_1_44' title="bbox 167 4571 361 4632; baseline 0.005 -16"><span class='ocrx_word' id='word_1_391' title='bbox 167 4582 226 4617; x_wconf 90' lang='lat' dir='ltr'><strong>cum</strong></span> <span class='ocrx_word' id='word_1_392' title='bbox 245 4571 305 4632; x_wconf 87' lang='lat' dir='ltr'><strong>trop</strong></span> <span class='ocrx_word' id='word_1_393' title='bbox 327 4583 361 4617; x_wconf 88' lang='lat' dir='ltr'><strong>aa</strong></span> 
     </span>
    </p>
   </div>
   <div class='ocr_carea' id='block_1_4' title="bbox 0 0 1516 5062">
    <p class='ocr_par' dir='ltr' id='par_1_6' title="bbox 0 0 1516 5062">
     <span class='ocr_line' id='line_1_45' title="bbox 0 0 1516 5062; baseline 0 0"><span class='ocrx_word' id='word_1_394' title='bbox 0 0 1516 5062; x_wconf 95' lang='lat' dir='ltr'><strong> </strong></span> 
     </span>
    </p>
   </div>
  </div>
 </body>
</html>
