3024 5062
168 321 171 326 .
228 279 344 331 XXVIII
720 287 927 337 PRAEFATIO.

227 441 425 525 corruptelae
447 463 479 524 p.
502 441 535 526 4,
558 442 579 506 3
601 463 669 526 sqq.
695 441 777 526 clegi
800 445 906 507 autem
935 441 1030 524 haec,
1058 443 1094 505 ut
1116 444 1299 526 appareret,
1322 464 1419 526 quam

226 543 350 608 diversa
371 542 451 608 haec
473 543 665 627 optimorum
687 544 831 609 codicmn
857 543 1063 628 interpolatio
1092 547 1175 608 esset
1203 545 1243 608 ab
1271 565 1309 608 ea
1337 566 1418 628 quae

224 644 445 709 Florentinum
473 645 613 710 codicem
640 648 673 709 et
700 644 948 710 Riecardianum
970 646 1147 729 occupavit.
1185 667 1261 709 nam
1289 667 1361 710 cum
1382 647 1417 710 in

224 746 288 811 illis
312 747 464 811 continuo
485 746 591 812 studio
613 749 703 813 vetus
726 747 884 831 scriptura
906 747 1076 813 immutata
1103 747 1161 831 sit,
1190 747 1225 811 in
1246 747 1297 841 his
1317 747 1417 812 inter-

224 846 344 932 polatio
367 850 399 912 et
422 849 517 913 certis
539 848 617 914 locis
633 849 817 914 continetur
838 851 870 913 et
891 850 939 914 ita
954 851 1137 934 comparata
1152 851 1217 933 est,
1241 852 1277 914 ut
1297 849 1417 934 partim
1434 860 1439 869 '

225 970 263 1013 ex
284 949 399 1035 glossis
422 949 499 1015 olim
521 950 560 1014 ad
582 949 679 1014 verba
701 951 866 1034 scriptoris
894 951 1083 1036 explicanda
1105 950 1275 1035 adscriptis
1297 951 1416 1036 partim

224 1071 263 1114 ex
283 1051 409 1130 incerta
436 1055 469 1116 61
496 1053 647 1117 lacunosa
668 1052 876 1118 vetustissimi
898 1051 1088 1137 exemplaris
1115 1053 1290 1137 scriptura,
1319 1074 1416 1137 quam

225 1153 408 1218 coniectura
430 1154 634 1238 suppleverat
655 1154 818 1239 librarius,
849 1177 936 1220 nova·
953 1153 1049 1220 lectio
1070 1157 1141 1219 orta
1169 1175 1237 1219 esse
1259 1154 1425 1240 videatur.

223 1277 326 1339 pauca
347 1257 457 1334 tamen
478 1256 702 1337 inveniuntur,
724 1257 759 1320 in
774 1256 887 1341 quibus
909 1257 960 1321 vel
983 1260 1094 1321 contra
1115 1256 1173 1321 has
1193 1256 1334 1321 rationes
1350 1256 1416 1321 Me·

224 1356 312 1436 dicei
328 1359 360 1421 et
381 1356 535 1423 Vaticani
558 1358 675 1423 codicis
703 1359 894 1443 scripturam
917 1359 1111 1442 sequendam
1139 1379 1207 1424 esse
1235 1358 1423 1445 sententiae

223 1458 392 1523 verborum
413 1460 464 1525 vel
485 1459 573 1545 leges
595 1460 765 1545 sermonis,
794 1482 876 1544 quac
897 1460 969 1545 plus
991 1461 1101 1526 velent
1123 1481 1219 1544 quam
1241 1460 1415 1525 auctoritas

223 1560 392 1645 librorum,
415 1561 631 1646 persuadent.
668 1562 731 1627 huc
765 1562 867 1628 refero
895 1562 991 1646 haec,
1024 1563 1059 1626 in
1086 1562 1201 1646 quibus
1223 1561 1415 1627 Dresdensis

223 1662 321 1743 codex
343 1664 394 1742 rel
416 1685 616 1750 communem
639 1687 711 1730 cum
732 1665 918 1729 Florentino
941 1664 1221 1750 interpolationem
1243 1664 1343 1751 traxit
1364 1665 1415 1729 vel

223 1785 299 1829 casu
322 1769 487 1851 corruptus
510 1769 576 1850 est,
599 1790 630 1851 p.
654 1767 706 1851 34,
731 1769 749 1832 7
778 1773 861 1832 uolui
884 1777 959 1832 MV
989 1773 1057 1832 eolo
1080 1776 1157 1832 FD:
1185 1766 1242 1840 57,
1265 1765 1287 1830 4
1312 1773 1413 1846 ioque·

222 1871 334 1933 bantur
355 1878 428 1934 MV
450 1874 631 1935 iocabuntur
652 1879 730 1935 FD:
764 1869 863 1948 68,ss
896 1875 1088 1934 minutissime
1115 1875 1245 1948 scriptos
1266 1876 1340 1933 MV
1361 1877 1416 1935 mi-

223 1958 384 2036 nutissimis
404 1977 533 2052 scriptor
554 1979 630 2036 FD:
662 1971 732 2054 103,
756 1971 776 2036 8
804 1978 892 2051 eopia
917 1977 1119 2036 studiosorum
1141 1979 1215 2034 MV
1243 1977 1333 2051 copia
1353 1981 1420 2057 stu·—

223 2078 342 2137 diorum
362 2081 436 2138 ΡΒ.
461 2073 566 2137 minus
589 2076 676 2138 certa
698 2075 774 2137 sunt
800 2071 895 2156 haec,
924 2096 956 2157 p.
980 2073 1011 2156 4,
1036 2074 1152 2136 leitil
1179 2093 1318 2151 umquam
1340 2082 1414 2138 MV

222 2179 298 2240 eiiii
326 2184 396 2240 ame
425 2184 503 2241 FD:
538 2174 656 2260 rom
686 2181 872 2240 intermisero
898 2184 972 2240 MV
1004 2167 1157 2239 lacerem
1184 2183 1263 2238 FD:
1299 2173 1414 2260 122‚4

223 2281 381 2342 Annaeum
408 2282 553 2342 Senecam
580 2282 737 2343 [menum
764 2287 794 2341 et
816 2284 960 2357 proxime
995 2283 1171 2356 Verpimum
1192 2285 1229 2341 Μ
1257 2280 1413 2342 Annaeum

223 2383 367 2445 Senecam
389 2390 418 2445 ei
433 2386 578 2459 proxime
606 2385 780 2459 Vereinium
803 2389 882 2444 FD:
913 2379 983 2464 126,
1009 2378 1046 2442 18
1073 2385 1277 2458 prominulam
1298 2388 1335 2443 Μ
1351 2400 1413 2458 pro

221 2487 310 2547 modo
330 2488 452 2560 laneum
468 2491 541 2546 ΡΙ).
565 2481 669 2546 rarius
691 2480 788 2545 etiam
802 2480 887 2545 idem
909 2481 1026 2546 accidit
1046 2481 1081 2545 in
1097 2479 1272 2545 Dresdensi
1294 2481 1412 2563 codice,

221 2586 257 2649 ut
284 2583 415 2669 reliquis
444 2584 601 2668 corruptis
629 2605 712 2648 unus
741 2605 847 2648 veram
875 2583 1076 2668 scripturam·
1094 2585 1252 2667 servaret,
1282 2605 1315 2667 p.
1339 2583 1369 2666 3,
1394 2584 1411 2647 7

221 2693 357 2752 ceretius
378 2696 408 2751 D
430 2693 608 2754 accuratim
629 2695 657 2765 Ε
678 2707 755 2750 euru
779 2687 899 2771 (eorum
921 2687 971 2772 Μ)
999 2694 1115 2751 maiore
1135 2695 1221 2751 MV:
1249 2684 1280 2762 4,
1302 2684 1324 2748 2
1344 2691 1413 2750 zelo

114 2860 118 2867 ,
221 2799 250 2854 D
271 2795 339 2855 stilo
355 2798 383 2854 F
403 2794 480 2855 libro
495 2799 544 2868 Μ,
569 2798 693 2853 cmv:
715 2787 767 2868 58,
795 2788 834 2852 12
856 2799 888 2853 m
909 2794 995 2853 eliud
1017 2795 1170 2870 auditores
1192 2793 1279 2852 aliud
1299 2778 1418 2853 iudices

220 2898 348 2970 scripum
368 2901 397 2956 D
420 2900 453 2955 ui
475 2897 559 2955 aliod
579 2896 694 2956 iudices
714 2897 842 2971 exipiam
855 2901 970 2956 ΜΠ.
998 2890 1034 2954 in
1048 2890 1167 2954 talibus
1190 2891 1307 2974 autem,
1332 2911 1412 2973 quae

220 3012 278 3076 per
299 3013 333 3056 sc
360 2991 595 3056 dubitationem
622 2991 759 3077 habent,
788 2994 885 3058 etiam
914 2992 1208 3079 antiquissimarum
1236 2990 1412 3056 editionum

221 3094 316 3159 lectio
338 3094 372 3158 in
394 3094 582 3171 alterutram
609 3097 735 3179 partem
757 3095 877 3179 aliquid
900 3094 1100 3160 auctoritatis
1123 3093 1249 3158 adferre
1270 3093 1361 3158 solet.

306 3194 344 3259 In
366 3196 541 3280 posteriore
562 3198 655 3281 parte
678 3197 886 3281 epistularum
914 3218 985 3262 cum
1013 3198 1140 3280 praeter
1161 3194 1342 3281 Mediceum
1362 3217 1415 3283 eos

221 3298 324 3363 dicem
346 3298 426 3377 nulli
448 3299 515 3363 sint
536 3297 610 3362 libri
637 3321 735 3363 manu
762 3300 872 3384 scripti
899 3299 962 3364 nisi
984 3300 1129 3363 recentes
1158 3299 1230 3362 octo
1257 3297 1412 3363 librorum

221 3400 358 3485 codices,
381 3399 561 3486 proximum
584 3400 701 3464 abillo
723 3401 827 3467 locum
850 3401 911 3465 sibi
932 3400 1075 3465 vindicat
1090 3399 1210 3464 Aldina
1232 3399 1328 3464 editio
1349 3400 1409 3487 (a),

221 3504 248 3568 si
270 3502 364 3568 modo
386 3502 422 3566 in
443 3524 482 3567 ea
503 3524 569 3566 non
605 3503 820 3587 exemplorum
843 3505 918 3567 ante
947 3503 1101 3567 editorum
1129 3501 1224 3566 lectio
1262 3502 1409 3587 repetita,

220 3604 276 3670 sed
297 3605 422 3669 diversa
444 3604 484 3670 ab
506 3603 557 3669 his
579 3626 596 3668 c
620 3604 727 3670 codice
755 3605 881 3689 prolata
909 3607 966 3669 est.
1003 3626 1101 3688 quare
1124 3626 1281 3669 summam
1304 3607 1412 3670 auoto-

153 3688 161 3701 ’
220 3707 349 3771 ritatem
370 3705 488 3771 habere
511 3706 629 3771 debent
651 3729 689 3772 ea
711 3729 791 3792 quae
814 3694 977 3790 utrius'que
1005 3705 1079 3786 libri
1102 3727 1261 3772 consensu
1282 3706 1411 3770 firman·

219 3810 283 3872 tur.
320 3811 353 3872 et
379 3809 510 3893 plurimi
537 3811 613 3874 sunt
643 3809 719 3893 loci,
749 3830 883 3892 quorum
912 3808 1071 3892 scriptura
1099 3829 1172 3872 cum
1200 3809 1295 3873 antea
1323 3810 1356 3872 61
1377 3808 1411 3872 in

220 3910 349 3995 scriptis
371 3910 458 3976 etin
481 3911 644 3995 impressis
664 3910 897 3995 exemplaribus
914 3908 1154 3994 corruptissima
1176 3908 1323 3993 ferretur,
1348 3910 1410 3994 pri·

220 4034 307 4076 mum
329 4012 364 4076 in
385 4013 506 4078 Aldina
528 4013 668 4078 editione
683 4013 869 4095 emendata,
893 4015 1004 4099 postea
1019 4010 1155 4076 Medicei
1171 4010 1288 4075 codicis
1304 4013 1411 4076 aucto-

219 4113 315 4179 ritate
339 4114 528 4180 confirmata
551 4118 610 4181 est.
648 4114 910 4181 dissentientibus
926 4117 1033 4179 autem
1053 4112 1118 4177 illis
1141 4113 1284 4197 sequitur
1305 4114 1343 4177 ut
1364 4134 1411 4176 re-

178 4264 181 4269 ·
219 4217 328 4280 centes
351 4215 442 4299 libri,
471 4218 511 4281 ad
539 4238 616 4302 quos
645 4218 709 4282 iem
737 4217 823 4282 edita
846 4216 1040 4301 exemplaria
1069 4216 1241 4296 accedunt,
1271 4214 1411 4298 quando·

218 4318 345 4402 quidem
368 4340 405 4382 ea
431 4318 467 4383 in
495 4318 556 4385 hac
577 4323 670 4404 parte
697 4341 763 4384 non
791 4321 942 4405 poterant
968 4317 1235 4402 interpolatorum
1268 4315 1412 4380 codicum

218 4439 278 4502 ope
301 4419 434 4505 corrigi,
458 4421 592 4489 eandem
614 4421 839 4486 auctoritatem
866 4420 906 4485 de
934 4442 997 4504 qua
1024 4419 1264 4504 supradictum
1287 4420 1336 4481 est
1358 4416 1411 4482 ob·

218 4519 355 4595 tineent,
393 4545 470 4597 nam
491 4523 546 4591 ubi
569 4523 618 4597 vel
640 4523 725 4600 solus
741 4522 930 4594 Dresdensis
954 4521 1052 4586 codex
1074 4518 1244 4586 aMedicei
1264 4518 1411 4608 partibus
