3024 5062
205 235 267 300 378
461 328 464 334 Ι
729 251 759 299 0.
783 250 878 297 emm

204 407 353 469 neutrum
381 403 601 468 simulationes
635 403 858 488 expresserint.
905 402 1027 467 habent
1060 425 1118 467 sua
1150 405 1248 469 verba
1279 405 1400 488 miseri,

204 529 261 570 sua
283 506 380 571 verba
401 505 528 587 felices,
557 506 655 589 utque
676 505 741 569 iam
764 505 900 569 maxime
924 506 1034 570 eadem
1057 506 1098 570 ab
1126 505 1270 590 utrisque
1292 505 1401 570 dican-

154 611 272 690 13111,
296 607 389 672 011101
411 606 570 671 dicuntur.
600 607 693 672 testis
715 607 785 692 ipse
807 628 840 672 00
846 659 856 691 ,
879 629 959 692 quae
981 607 1017 672 in
1031 608 1175 673 omnium
1189 629 1243 672 ore
1264 607 1400 673 laetitia.

204 732 270 774 000
293 709 427 773 amictus
451 709 615 793 cuiquam,
643 730 711 773 000
732 708 863 774 habitus
886 732 980 794 quem
1002 709 1095 774 domo
1118 709 1288 775 extulerat.
1326 710 1402 775 inde

203 809 393 874 resultantia
420 811 551 876 vocibus
577 814 665 876 tecta
692 810 836 896 nihilque
858 812 958 876 tantis
987 811 1179 877 clamoribus
1206 812 1285 877 satis
1314 813 1425 877 elau-5

204 934 282 976 sum.
319 913 389 996 quis
412 916 489 978 tuno
511 935 578 977 000
600 913 769 998 evestigio
792 935 847 978 suo
863 912 999 978 exiluit?
1020 913 1092 998 quis
1113 913 1262 978 exiluisse
1277 914 1402 981 sensit?

203 1014 305 1078 multa
327 1014 460 1079 fecimus
482 1018 614 1100 sponte,
635 1015 729 1100 plura
750 1015 909 1080 instinctu
930 1016 1068 1100 quodam
1090 1019 1123 1080 01
1143 1015 1295 1100 imperio:
1324 1039 1402 1081 000

204 1114 321 1200 gaudio
344 1138 468 1201 quoque
492 1117 628 1202 cogendi
655 1117 703 1182 vis
725 1117 821 1182 inest.
858 1139 936 1182 num
958 1138 1036 1202 ergo
1058 1117 1185 1181 modum
1208 1117 1238 1181 ei
1259 1120 1317 1181 tua
1340 1119 1401 1182 sal-

203 1221 272 1282 tem
293 1218 449 1283 modestia
469 1218 647 1303 imposuit?
678 1239 762 1302 non,
791 1220 912 1303 quanto
934 1218 1039 1303 magis
1060 1241 1080 1282 a
1101 1221 1134 1283 te
1155 1218 1403 1304 reprimebatur,

204 1320 402 1385 exarsimus?
423 1342 490 1385 000
513 1321 731 1404 contumacia,
755 1319 889 1403 0000οη
913 1321 968 1386 sed
990 1323 1027 1385 ut
1047 1321 1083 1385 in
1097 1325 1154 1385 tua
1167 1324 1329 1404 potestate
1352 1325 1402 1387 est
1415 1343 1439 1383 10

204 1445 246 1487 an
268 1422 482 1507 gaudeamus,
512 1423 558 1487 ita
585 1423 621 1486 in
649 1425 804 1507 quantum
832 1422 950 1488 necin
972 1425 1092 1488 nostra.
1131 1423 1348 1507 comprobasti
1370 1426 1403 1488 et

204 1527 272 1610 ipse
295 1524 566 1590 adclamationum
581 1527 763 1589 nostrarum
778 1524 874 1589 fidem
889 1524 1095 1589 lacrimarum
1108 1527 1238 1589 tuarum
1253 1525 1401 1591 veritate.

204 1628 340 1693 vidimus
361 1630 562 1692 umescentes
585 1625 692 1692 oculos
714 1629 786 1692 tuos
800 1627 1039 1710 demissumque,
1050 1627 1168 1712 gaudio
1183 1628 1309 1692 vultum
1330 1632 1403 1692 tan-

203 1732 333 1814 tumque
355 1729 523 1815 sanguinis
545 1729 580 1793 in
602 1750 671 1813 ore,
693 1730 849 1813 quantum
870 1728 906 1792 in
928 1728 1036 1792 animo
1050 1728 1191 1812 pudoris.
1223 1735 1323 1814 atque.
1342 1729 1403 1796 hoc

203 1832 308 1916 magis
329 1831 454 1896 incensi
476 1852 584 1896 sumus
605 1833 642 1895 ut
663 1852 867 1915 precaremur
895 1852 936 1894 00
964 1829 1091 1914 quando
1118 1829 1179 1895 tibi
1201 1853 1268 1895 000
1290 1833 1403 1898 eadem
1416 1854 1439 1893 u

205 1955 301 1998 causa
323 1933 544 2016 lacrimarum,
574 1935 671 2017 utque
692 1953 868 2016 numquam
889 1932 1032 1996 frontem
1053 1937 1143 1997 tuam
1157 1957 1190 1998 s.
1213 1931 1275 1997 hoo
1297 1933 1403 2018 ipsum

204 2033 262 2099 has
291 2035 381 2100 sedes
409 2057 467 2098 nos
496 2035 586 2119 quasi
607 2055 817 2119 responsuros
844 2034 1100 2118 interrogemus,
1129 2033 1312 2099 uiderintne
1334 2058 1402 2100 um-

203 2158 298 2221 quam
325 2136 481 2222 principis
508 2136 672 2201 lacrimas:
706 2141 741 2200 at
768 2138 899 2201 senatus
926 2156 1022 2220 saepe
1050 2134 1208 2200 videmmt.
1259 2139 1401 2202 onerast'

202 2238 327 2302 futuros
348 2238 527 2323 principes,
551 2238 606 2303 sed
628 2241 661 2303 01
682 2240 826 2323 posteros
854 2240 992 2303 nostros.
1030 2259 1107 2302 000
1129 2241 1162 2303 01
1183 2238 1217 2302 hi
1241 2261 1260 2303 0
1281 2240 1402 2324 princi-

202 2339 296 2424 pibus
319 2339 385 2404 suis
408 2340 541 2425 exigent
561 2342 598 2404 ut
620 2339 730 2404 eadem
753 2339 861 2405 audire
877 2342 1077 2423 mereantur,
1102 2342 1135 2405 et
1155 2339 1204 2405 illi
1226 2341 1313 2425 quod
1334 2363 1436 2413 non20

153 2446 195 2511 74
204 2441 338 2507 audiant
371 2441 638 2527 indignabuntur.
690 2440 773 2505 nihil
809 2441 914 2526 magis
951 2463 1081 2525 possum
1115 2441 1244 2525 proprie
1284 2443 1400 2528 dicere,

203 2566 298 2629 quam
326 2545 410 2628 quod
438 2545 559 2608 dietum
588 2546 638 2608 est
665 2565 684 2606 0
707 2546 823 2608 cuncto
845 2547 975 2625 senatu,
1007 2547 1036 2607 ‘o
1063 2545 1096 2606 te
1123 2542 1277 2610 felicem’.
1318 2547 1401 2630 quod

205 2668 275 2711 cum
303 2646 496 2730 diceremus,
530 2667 597 2711 non
625 2666 700 2728 opes
728 2647 816 2729 tuas,
852 2644 907 2709 sed
934 2644 1076 2709 animum
1104 2643 1314 2712 mirabamur.
1353 2651 1401 2713 est

203 2749 290 2813 enim
317 2749 444 2813 demum
472 2769 547 2814 vera
575 2748 713 2812 felicitas
742 2746 897 2812 felicitate
926 2747 1060 2832 dignum
1088 2746 1199 2813 videri.
1242 2750 1300 2814 sed
1329 2772 1399 2814 cum

202 2851 304 2916 multa
325 2852 380 2916 illo
403 2852 453 2916 die
475 2851 561 2916 dieta
584 2854 660 2915 sunt
681 2851 844 2934 sapienter
871 2852 904 2914 et
924 2850 1084 2934 graviter,
1112 2854 1182 2914 tum
1204 2850 1256 2916 vel
1277 2852 1313 2916 10
1335 2852 1397 2937 pri·
1410 2883 1431 2922 25

203 2952 264 3016 mis
287 2953 392 3018 ‘crede
414 2953 525 3037 nobis,
550 2952 643 3017 crede
664 2952 748 3017 tibi’.
785 2974 906 3038 magna
927 2950 989 3016 1100
1002 2950 1119 3015 fiducia
1140 2952 1257 3037 nostri,
1280 2953 1404 3018 maiore

202 3056 312 3118 tamen
334 3055 383 3119 tui
405 3055 552 3120 diximus.
590 3054 672 3119 alius
694 3054 780 3119 enim
807 3055 944 3119 fortasse
971 3053 1085 3138 alium,
1113 3054 1220 3138 ipsum
1250 3077 1285 3120 00
1305 3076 1398 3121 0000

202 3155 373 3240 deceperit.
410 3156 614 3240 introspiciat
640 3142 733 3220 modo
760 3154 860 3220 vitam
888 3176 985 3240 seque
1013 3155 1089 3240 quid
1116 3159 1281 3222 mereatur
1301 3158 1397 3223 inter·

202 3261 304 3344 roget.
340 3258 474 3343 proinde
496 3258 595 3323 dabat
616 3257 748 3324 vocibus
768 3257 889 3322 nostris
910 3257 1006 3323 fidem
1029 3258 1113 3342 apud
1128 3259 1288 3343 optimum
1309 3260 1394 3346 prin·

204 3485 402 3494 ...-—-——

270 3639 283 3685 1
303 3636 403 3686 misera
420 3637 440 3685 B
544 3638 559 3685 2
578 3650 628 3686 sua
646 3635 733 3687 verba
747 3635 894 3699 posteriore
912 3639 967 3687 loco
985 3652 1033 3688 om.
1052 3638 1068 3686 b
1202 3642 1234 3687 01
1253 3654 1324 3703 quae
1341 3639 1390 3689 iam

200 3705 316 3755 maxime
335 3705 351 3753 b
370 3709 399 3754 et
417 3719 469 3770 quq
486 3704 543 3754 iam
561 3705 677 3762 maxime
697 3703 712 3766 β
729 3709 760 3754 01
778 3718 859 3769 quam
877 3705 996 3754 maxime
1017 3705 1141 3755 Gruterus
1238 3706 1333 3757 eadem
1350 3723 1391 3758 om.

199 3775 220 3823 B
323 3777 339 3824 3
358 3788 410 3839 quq
432 3772 462 3822 in
480 3772 600 3824 omnium
619 3788 664 3823 ore
682 3773 702 3821 B
726 3786 780 3835 que
798 3787 853 3822 000
871 3771 990 3823 omnium
1009 3787 1055 3823 ore
1071 3772 1113 3822 Ac
1132 3789 1186 3839 quo
1204 3789 1260 3825 non
1278 3777 1391 3825 omnium

200 3842 283 3891 ored
333 3843 449 3905 4quem
468 3841 545 3891 domo
564 3841 671 3905 Lipsius
689 3856 769 3904 quem
788 3840 866 3890 modo
885 3839 955 3890 ABd
973 3857 1026 3906 que
1050 3841 1161 3892 modos
1214 3838 1389 3909 desiluisse]

200 3926 233 3960 ex
251 3910 331 3960 siluis
350 3924 379 3960 se
397 3910 417 3958 B
437 3909 532 3959 esiluis
550 3910 614 3960 sed
707 3905 869 3972 aquodam]
889 3909 1007 3973 quedam
1025 3910 1048 3957 Δ
1133 3910 1310 3976 8gaugendi
1327 3927 1390 3963 corr.

200 3978 317 4043 cogendi
334 3979 357 4026 A
425 3981 514 4028 9000
532 3982 636 4042 quanto
655 3978 743 4042 magis
760 3978 817 4027 bod
834 3992 899 4040 num
918 3982 1021 4043 quanto
1040 3979 1129 4044 magis
1147 3978 1192 4042 Δβ
1211 3995 1276 4031 narn
1295 3984 1390 4044 quanto

199 4047 288 4110 magis
306 4057 323 4100 ς
391 4061 408 4094 0
427 4051 455 4096 10
472 4045 674 4110 reprimebatur
691 4071 725 4080 -
743 4048 775 4096 10
788 4045 834 4094 sed
851 4049 882 4094 ut
899 4063 946 4097 om.
966 4047 1000 4095 ud
1030 4067 1033 4073 ⁴
1052 4049 1083 4096 12
1101 4043 1212 4113 nostra]
1233 4051 1329 4099 uestra
1345 4051 1361 4098 b

201 4117 231 4164 13
250 4114 449 4179 demissumque
467 4126 504 4170 ος
521 4114 715 4178 dimissumque
733 4112 804 4162 ABd
825 4114 1021 4180 remissumque
1039 4115 1146 4180 Lipsius
1263 4117 1295 4167 16
1313 4122 1389 4182 utque

199 4198 254 4231 nou
273 4198 412 4247 nunquam
431 4183 549 4233 frontem
576 4185 650 4232 tuam
673 4182 849 4247 abstergeres
867 4182 1011 4233 Coronaeus
1033 4189 1119 4247 utque
1143 4199 1294 4248 numquam
1322 4185 1389 4235 fron·

199 4254 254 4298 tem
273 4258 348 4300 tuam
366 4251 545 4301 contraheres
564 4251 690 4314 Gieripius
757 4247 858 4316 ipsum]
884 4251 1015 4316 templum
1036 4253 1139 4316 Lipsius
1192 4252 1388 4304 1111000000

198 4319 258 4367 Bcd
276 4317 355 4369 sedes
373 4318 476 4368 tuasA
544 4316 603 4384 nos]
622 4319 702 4369 nobis
720 4319 804 4368 Aldus
856 4320 1063 4384 responsurisB
1115 4320 1352 4386 interrogamusss

197 4383 366 4451 viderintne]
386 4388 547 4436 uiderintA
633 4402 760 4451 umquam
779 4420 812 4428 -
829 4387 958 4438 viderunt
976 4387 1063 4439 onuA
1143 4391 1178 4440 20
1195 4389 1389 4441 merenturBd

249 4456 413 4517 resonasse
433 4471 467 4504 00
487 4457 558 4505 enim
576 4454 684 4505 demum
735 4451 954 4506 milladium
1014 4458 1048 4508 26
1066 4457 1149 4508 erede
1168 4461 1197 4507 et
1216 4457 1270 4508 tibi
1289 4460 1312 4507 A
1359 4458 1387 4508 28

199 4522 307 4586 decepit
325 4525 382 4574 cod.
402 4523 508 4575 Medici.
580 4520 656 4590 quid]
678 4523 749 4588 quod
767 4524 788 4572 B
