3024 5062
457 284 701 334 EPISTULARUM
716 285 767 332 111.
791 281 833 330 ao,
856 277 966 345 (a101)
1269 273 1309 336 87

116 462 206 505 rum:
236 440 334 505 citato
362 440 492 504 nomine
525 438 689 503 candidati
711 438 872 503 silentium
894 460 1069 524 summum3
1093 441 1220 505 dicebat
1241 442 1310 525 ipse

117 564 179 627 pro,
199 564 243 626 se,
268 542 451 626 explicabat
472 542 572 607 vitam
601 563 691 605 suam
698 591 707 626 ‚
735 543 834 604 testes
863 543 900 604 et
922 541 1103 607 laudatores
1131 543 1231 607 dabat
1261 544 1312 607 vel

118 667 191 710 eum
206 645 265 709 sub
280 665 342 729 quo
356 644 552 709 militaverat
566 643 617 708 vel
632 665 703 707 eum
720 643 771 707 oui
785 646 933 727 quaestor
946 642 1054 708 fuerat
1067 645 1118 708 vel
1129 648 1308 729 utrumque,

118 747 144 811 si
165 750 309 832 poterat,
338 747 475 811 addebat
497 746 650 830 quosdam
673 767 711 809 ex
734 744 1013 830 suffragatoribus:
1045 745 1093 810 illi
1115 747 1256 830 graviter
1279 751 1311 811 et

92 849 227 934 spaueis
248 848 472 933 loquebantur.
502 849 574 932 plus
596 846 657 912 hoc
680 869 776 931 quam
798 868 908 931 preces
937 848 1097 932 proderat.
1133 871 1200 913 non
1221 851 1340 914 num-6

117 973 214 1036 quam
237 950 425 1015 candidatus
453 952 507 1014 aut
535 950 659 1013 natales
683 949 901 1033 competitoris
930 952 985 1013 aut
1014 972 1116 1014 annos
1138 951 1311 1015 autetiam

116 1074 220 1118 mores
243 1052 410 1138 arguebat.
441 1051 592 1117 audiebat
614 1054 745 1115 senatus
760 1051 920 1136 gravitate
936 1053 1091 1116 censoria.
1121 1052 1168 1115 ita
1183 1053 1310 1136 saepius

116 1155 208 1240 digni
234 1176 330 1239 quam
359 1154 492 1239 gratiosi
518 1152 758 1237 praevalebant.
800 1174 880 1237 quae
908 1175 995 1217 nunc
1022 1153 1181 1219 inmodico
1203 1154 1339 1221 favore'i

117 1259 269 1341 corrupta
297 1257 336 1320 ad
358 1256 459 1320 tacita
487 1254 640 1340 suffragia
669 1255 761 1340 quasi
784 1255 824 1319 ad
846 1255 1021 1319 remedium
1044 1255 1310 1340 decucurrerunt3

79 1386 103 1426 ro
116 1358 199 1443 quod
221 1358 352 1423 interim
374 1358 470 1444 plane
492 1357 667 1422 remedium
688 1356 766 1422 fuit:
790 1358 959 1421 eratenim
974 1379 1092 1422 novum
1113 1361 1146 1422 et
1160 1359 1309 1424 subitum.

116 1460 172 1525 sed
186 1481 298 1525 vereor
312 1483 353 1526 ne
367 1461 560 1545 procedente
575 1462 719 1544 tempore
735 1481 774 1522 ex
789 1459 859 1543 ipso
874 1458 1013 1523 remedio
1028 1460 1107 1524 vitia
1123 1464 1339 1527 nascantur.8

116 1566 167 1629 est
188 1563 275 1628 enim
298 1562 475 1648 periculum
497 1584 538 1626 ne
560 1562 667 1626 tacitis
691 1560 851 1646 suffragiis
865 1561 1056 1645 inpudentia
1071 1563 1209 1646 inrepat.
1234 1587 1310 1628 nam

115 1668 214 1751 quoto
237 1666 350 1750 cuique
373 1664 484 1729 eadem
506 1663 684 1728 honestatis
707 1685 783 1728 cura
806 1666 928 1728 secreto
950 1686 1030 1749 quae
1052 1665 1184 1748 palam?
1217 1665 1310 1730 multi

114 1769 252 1852 famam,
277 1766 505 1832 conscientiam
527 1767 622 1849 pauci
644 1768 803 1831 verentur.
835 1765 890 1830 sed
911 1764 1007 1830 nimis
1031 1767 1094 1830 cito
1116 1768 1155 1830 de
1176 1766 1339 1832 futuris:9

78 1870 246 1939 salutarim
268 1869 422 1934 beneficio
444 1868 635 1932 tabellarum
657 1867 847 1932 habebimus
869 1868 1079 1952 magistratus
1102 1869 1156 1953 qui
1170 1869 1309 1933 maxime

114 1972 184 2037 fieri
208 1972 396 2037 debuerunt.
426 1993 503 2035 nam
524 1970 617 2034 utin
638 1969 873 2053 reciperatoriis
894 1970 1019 2034 iudiciis
1047 1970 1092 2034 sic
1120 1992 1178 2034 nos
1201 1970 1236 2035 in
1258 1971 1309 2035 his

114 2073 252 2138 comitiis
280 2073 370 2158 quasi
397 2058 529 2157 repente
559 2071 751 2155 adprehensi
779 2072 895 2137 sinceri
917 2072 1036 2136 iudices
1058 2072 1187 2137 fuimus.
1228 2075 1307 2138 haec
1321 2075 1360 2139 10

21 2171 32 2197 ’
114 2175 174 2240 tibi
197 2175 327 2260 scripsi,
355 2175 494 2259 primum
521 2177 558 2238 ut
585 2173 703 2258 aliquid
732 2175 808 2238 novi
830 2173 1018 2256 scriberem,
1048 2174 1162 2238 deinde
1184 2179 1308 2240 utnon

10 2341 13 2345 ,
113 2300 290 2362 numquam
318 2277 357 2342 de
384 2277 571 2361 republica
594 2276 755 2360 loquerer,
783 2275 871 2339 cuius
893 2276 1047 2339 materiae
1070 2277 1164 2341 nobis
1187 2281 1308 2360 quanto

73 2407 100 2448 20
113 2379 216 2444 rarior
247 2400 343 2463 quam
376 2379 536 2444 veteribus
569 2377 693 2442 occasio
721 2379 814 2441 tanto
841 2376 949 2441 minus
978 2378 1155 2442 omittenda
1184 2382 1243 2443 est.
1278 2383 1358 2445 etll

112 2481 242 2546 hercule
257 2502 419 2566 quousque
433 2481 489 2546 illa
504 2479 649 2564 vulgaria
665 2479 753 2564 ‘quid
769 2479 864 2564 agis?
880 2478 992 2564 ecquid
1008 2481 1170 2544 commode
1185 2480 1272 2545 vales
1279 2481 1307 2544 ‘l’
1340 2556 1342 2560 Α

112 2583 256 2648 habeant
283 2587 412 2649 nostrae
441 2604 564 2669 quoque
590 2581 717 2645 litterae
746 2581 867 2666 aliquid
894 2603 961 2646 non
983 2581 1103 2645 humile
1126 2604 1186 2646 nec
1209 2583 1307 2647 sordi-

112 2686 189 2750 dum
210 2708 270 2751 nec
292 2686 426 2771 privatis
448 2685 542 2749 rebus
565 2683 733 2748 inclusum.
765 2687 840 2748 sunt
855 2683 982 2767 quidem
998 2687 1112 2748 cuneta
1132 2684 1192 2748 sub
1213 2685 1307 2748 unius
1319 2689 1359 2752 12

113 2788 264 2872 arbitrio,
294 2789 348 2872 qui
375 2808 432 2871 pro
460 2786 601 2851 utilitate
630 2785 791 2850 communi
821 2785 907 2849 solus
936 2785 1078 2849 omnium
1106 2807 1198 2849 curas
1220 2786 1307 2850 labo-

72 2921 99 2962 2⁵
112 2911 227 2974 resque
255 2890 409 2973 suscepit3
441 2888 572 2973 quidam
597 2890 707 2952 tamen
741 2887 861 2952 salubri
889 2890 1143 2972 temperamento
1175 2888 1216 2951 ad
1248 2910 1307 2952 nos

113 3013 237 3076 quoque
258 2993 346 3056 velut
367 2990 428 3055 rivi
450 3011 489 3054 ex
516 2989 572 3053 illo
594 2989 827 3071 benignissimo
848 2990 939 3054 fonte
961 2990 1149 3074 decurrunt,
1174 3011 1253 3074 quos
1275 2994 1307 3055 et

112 3093 241 3157 haurire
263 3092 326 3176 ipsi
348 3095 381 3156 et
403 3092 589 3156 absentibus
612 3092 722 3156 amicis
746 3093 837 3176 quasi
858 3093 1043 3158 ministrare
1067 3092 1211 3176 epistulis
1234 3115 1305 3178 pos-

112 3217 231 3260 sumus.
262 3194 343 3258 vale.

181 3473 197 3521 2
214 3471 300 3521 uitam
318 3485 395 3521 suam
414 3469 573 3535 explicabat
590 3484 629 3532 pa
696 3473 712 3521 3
730 3470 780 3520 sub
799 3485 851 3533 quo
869 3469 1040 3520 militauerat
1051 3471 1165 3532 FDpra
1184 3469 1233 3519 sub
1253 3486 1305 3535 quo

112 3539 223 3603 legatus
241 3541 319 3594 Ὴς
404 3539 448 3587 cui
467 3543 597 3602 quaestor
608 3539 734 3605 ῌΠςε.
752 3539 801 3588 sub
821 3553 874 3602 quo
893 3542 1024 3603 quaestor
1040 3539 1103 3598 Dpr
1172 3540 1187 3587 5
1207 3540 1305 3602 paucis

112 3609 256 3663 HVFrca
273 3622 358 3673 parce
375 3607 417 3668 np
435 3606 584 3656 Beroaldus
669 3608 685 3655 6
704 3607 888 3671 conpeditoris
906 3607 928 3655 F
1014 3608 1029 3656 9
1048 3606 1227 3655 decurrerunt
1244 3618 1306 3668 psa

112 3675 290 3726 decurruntr
389 3677 420 3724 12
437 3675 565 3740 increpat
582 3677 633 3723 MD
721 3676 752 3725 13
772 3671 850 3740 cura]
872 3690 931 3724 cum
949 3674 1004 3723 HV
1091 3675 1122 3722 14
1141 3674 1225 3737 pauci
1243 3689 1305 3724 con-

112 3745 286 3794 scientiamr
355 3745 386 3793 16
404 3743 433 3791 in
450 3750 558 3808 utroque
576 3745 630 3794 loro
648 3758 727 3795 onst
803 3742 1007 3807 reciperatoriis
1024 3743 1045 3791 F
1065 3741 1184 3792 Riccurd.
1201 3751 1218 3799 p
1236 3742 1304 3791 reoi-

113 3813 250 3878 peratoris
268 3813 347 3861 ΜἩ)
370 3812 585 3875 recuperatoriis
603 3823 660 3865 rsa
744 3809 844 3862 indicis
866 3814 888 3859 Ι)
976 3813 1007 3861 17
1026 3811 1132 3860 comitis
1150 3812 1172 3857 Ι)
1259 3809 1306 3858 ad·

112 3880 243 3944 prensill
313 3881 344 3929 18
361 3879 504 3930 scribsim
572 3878 715 3930 scriberim
732 3879 787 3927 MV
858 3878 1031 3941 1910qu01·r
1099 3878 1177 3928 nobis
1194 3892 1272 3928 om.r

112 3951 146 3999 20
164 3949 290 3998 occassio
307 3949 329 3996 V
389 3949 421 3997 21
440 3947 489 3996 eho
508 3947 574 4010 quid
593 3948 653 4012 agis
673 3948 816 3997 Coronaeus
885 3945 984 4010 ecquid
1002 3946 1139 3997 commode
1158 3959 1174 4001 ς
1194 3950 1221 3996 et
1240 3946 1305 4010 quid

112 4015 252 4067 commode
269 4016 370 4065 ΠΜ
387 4015 439 4066 eho
458 4015 524 4080 quid
541 4014 679 4066 commode
697 4016 719 4063 12
738 4014 788 4064 eho
809 4014 907 4078 ecquid
926 4014 1062 4065 commode
1081 4029 1119 4078 pa
1188 4016 1220 4064 22
1239 4029 1304 4079 quo·

114 4099 167 4149 que
185 4089 297 4135 nostrae
315 4086 355 4133 Dr
418 4085 451 4134 26
469 4083 589 4148 benigno
606 4099 620 4132 r
689 4086 721 4134 27
739 4084 900 4148 possimusr
