3024 5062
142 241 205 307 34ss
662 259 692 307 c.
716 259 812 306 emur

143 412 202 477 tibi
224 412 319 477 licere
342 413 381 477 de
402 416 458 477 tuo
480 435 576 497 quam
604 414 642 476 de
665 412 793 497 publico
816 412 929 477 credis.
968 412 1086 477 dicitur
1115 416 1215 479 actori
1239 417 1336 499 atque

143 515 239 579 etiam
265 516 463 599 procuratori
492 518 547 579 tuo
576 515 622 579 ‘in
644 515 693 579 ius
722 515 810 598 veni,
840 536 971 598 sequere
994 514 1035 578 ad
1057 516 1222 582 tribunal’.
1259 539 1337 581 nam

141 616 285 681 tribunal
312 638 435 701 quoque
470 617 687 702 excogitatum
719 617 916 700 principatui
949 619 999 681 est
1025 638 1084 701 par
1112 619 1243 702 ceteris,
1272 620 1337 684 nisi

141 719 221 783 illud
241 711 416 804 litigatoris
439 720 650 805 amplitudine
672 719 826 784 metiaris.
858 740 926 784 sors
949 722 981 783 et
1002 741 1084 784 urna
1098 720 1176 786 fisco
1197 721 1337 786 iudicem

143 821 309 906 adsignat:
332 821 409 887 licet
429 823 564 907 reicere,
588 822 664 888 licet
687 822 865 887 exclamare
887 822 985 886 ‘hunc
1012 823 1103 907 nolo,
1133 823 1264 888 timidus
1287 828 1363 889 ests

143 926 176 988 et
197 924 282 988 bona
305 925 422 989 saeculi
444 947 558 1010 parum
579 925 757 1009 intellegit3
779 924 870 988 illum
893 923 979 1007 volo,
1003 924 1059 1007 qui
1081 923 1251 991 Gaesarem
1273 927 1337 991 for-

142 1026 219 1090 titer
241 1029 352 1090 amat'.
391 1027 501 1091 eodem
528 1027 598 1091 foro
625 1029 761 1090 utuntur
789 1025 989 1109 principatus
1017 1027 1049 1090 et
1074 1025 1219 1112 libertas,
1242 1050 1338 1113 quae-

144 1150 204 1212 que
227 1129 400 1213 praecipua
421 1132 478 1192 tua
492 1129 597 1213 gloria
619 1131 683 1211 est,
707 1128 834 1212 saepius
849 1127 990 1192 vincitur
1005 1128 1116 1212 fiscus,
1141 1129 1229 1194 cuius
1252 1131 1339 1195 mala

144 1252 240 1295 causa
262 1252 436 1314 numquam
459 1234 507 1295 est
534 1231 598 1295 nisi
625 1230 683 1295 sub
710 1229 794 1294 bono
821 1229 978 1314 principe.
1016 1229 1132 1314 ingens
1161 1231 1223 1295 hoc
1244 1233 1338 1295 meri-

143 1336 227 1416 tum;
250 1334 354 1398 maius
376 1333 471 1417 illud,
500 1333 583 1418 quod
612 1355 664 1398 eos
686 1335 910 1416 procuratores
941 1331 1055 1415 habes,
1088 1333 1125 1396 ut
1151 1331 1376 1418 plerumque10

144 1436 228 1500 cives
250 1436 299 1500 tui
321 1457 387 1499 non
410 1435 489 1499 alios
511 1434 630 1499 iudices
652 1433 778 1499 malint.
816 1432 952 1497 liberum
981 1435 1031 1498 est
1053 1435 1160 1498 autern
1182 1434 1339 1500 discrimi-

143 1537 194 1600 nis
217 1537 302 1601 ‘nolo
326 1560 397 1602 eum
420 1537 559 1622 eligere’.
596 1558 699 1620 neque
722 1535 807 1600 enim
829 1535 928 1600 ullam
950 1536 1175 1601 necessitatem
1198 1540 1338 1604 muneri-

144 1640 202 1704 bus
230 1640 294 1704 tuis
318 1639 424 1723 addis,
458 1641 495 1704 ut
516 1639 570 1723 qui
599 1638 681 1703 scias
711 1638 797 1703 hanc
826 1659 894 1702 esse
918 1639 1145 1704 beneficiorum
1173 1640 1338 1725 principa·

143 1741 221 1806 lium
244 1763 416 1826 summam,
441 1742 468 1805 si
489 1740 553 1805 illis
576 1744 610 1805 et
630 1761 697 1805 non
719 1740 766 1805 uti
789 1740 875 1805 licet.

93 1842 133 1906 37
229 1843 336 1908 Onera
363 1844 489 1928 imperii
517 1843 668 1928 pleraque
696 1841 869 1928 vectigalia
890 1842 1017 1908 institui
1044 1846 1081 1908 ut
1107 1865 1166 1928 pro
1196 1843 1338 1910 utilitate
1352 1859 1375 1900 15

146 1947 306 2010 communi
327 1947 374 2011 ita
396 1946 595 2032 singulorum
617 1945 743 2010 iniuriis
766 1947 950 2030 coegerunt.
986 1947 1021 2010 in
1044 1945 1093 2010 his
1115 1944 1269 2010 vicesima
1291 1968 1339 2012 re-

144 2051 237 2133 perta
266 2051 330 2132 est,
359 2049 515 2113 tributum
536 2048 703 2114 tolerabile
726 2051 759 2112 et
779 2048 875 2112 facile
898 2046 1068 2112 heredibus
1091 2049 1261 2112 dumtaxat
1285 2070 1338 2113 ex-

144 2151 280 2234 traneis,
305 2151 486 2217 domesticis
508 2173 617 2236 grave.
653 2151 760 2235 itaque
782 2149 846 2215 illis
861 2150 1046 2235 inrogatum
1068 2153 1131 2234 est,
1155 2149 1206 2215 his
1229 2151 1340 2216 remis-

144 2274 228 2336 sum,
251 2252 398 2317 videlieet
420 2254 503 2338 quod
525 2253 732 2318 manifestum
760 2256 844 2336 erat,
872 2256 994 2336 quanto
1017 2252 1219 2317 cumdolore
1242 2252 1339 2318 laturi

144 2376 200 2418 seu
221 2355 415 2438 potiusnon
437 2355 534 2420 laturi
556 2355 701 2420 homines
724 2358 832 2420 essent
847 2354 1006 2439 destringi
1029 2353 1148 2438 aliquid
1171 2356 1204 2418 et
1226 2355 1339 2419 abradi
1351 2372 1375 2411 20

144 2455 236 2520 bonis
264 2478 345 2540 quae
379 2458 553 2542 sanguine,
589 2458 788 2542 gentilitate,
824 2478 986 2522 sacrorum
1018 2456 1155 2540 denique
1183 2455 1339 2522 societate

144 2560 349 2643 meruissent,
371 2582 513 2644 quaeque
535 2582 710 2644 numquam
732 2562 768 2624 ut
784 2559 889 2623 aliena
906 2568 937 2623 et
952 2558 1127 2643 speranda,
1151 2558 1207 2622 sed
1230 2561 1267 2622 ut
1282 2581 1339 2623 sua

144 2682 329 2746 semperque
357 2684 503 2746 possessa
531 2684 569 2726 ac
598 2662 747 2745 deinceps
775 2661 918 2745 proximo
947 2660 1059 2744 cuique
1088 2659 1340 2726 transmittenda

90 2787 93 2792 ·
145 2763 313 2847 cepissent.
351 2763 431 2829 haec
453 2764 662 2828 mansuetudo
689 2762 771 2848 legis
798 2763 959 2827 veteribus
989 2762 1109 2826 civibus
1133 2762 1339 2828 servabatur:

143 2865 234 2947 novi,
258 2886 314 2930 seu
336 2888 392 2949 per
414 2866 542 2931 Latium
563 2865 599 2929 in
621 2865 784 2930 civitatem
806 2886 861 2928 seu
882 2863 1038 2929 beneficio
1052 2863 1209 2949 principis
1232 2866 1375 2931 venis-2⁵

145 2970 233 3050 sent,
255 2967 317 3031 nisi
341 2968 434 3032 simul
458 2967 661 3052 cognationis
676 2967 747 3032 iura
761 2967 1005 3051 impetrassent,
1030 2965 1220 3031 alienissimi
1242 2967 1339 3032 habe-

144 3068 264 3132 bantur
286 3070 399 3153 quibus
423 3069 676 3133 coniunctissimi
696 3070 836 3133 fuerant.
878 3069 922 3133 'ta
949 3069 1123 3132 maximum
1146 3069 1339 3135 beneficium

144 3170 329 3234 vertebatur
357 3172 392 3235 in
420 3170 641 3256 gravissimam
663 3171 830 3256 iniuriam,
860 3170 1034 3255 civitasque
1056 3171 1206 3239 Romana
1233 3173 1339 3238 instar

145 3275 215 3340 erat
236 3273 299 3338 odii
322 3277 354 3338 et
376 3274 551 3339 discordiae
574 3278 606 3338 et
627 3273 790 3358 orbitatis,
815 3296 887 3339 cum
903 3273 1068 3338 carissima
1089 3273 1229 3359 pignora
1250 3275 1339 3340 salva

145 3374 287 3459 ipsorum
309 3376 429 3459 pietate
445 3375 647 3441 distraheret.
686 3376 934 3441 inveniebantur
955 3378 1064 3440 tamen
1087 3375 1203 3461 quibus
1225 3380 1375 3443 tantus³⁰

145 3498 233 3541 amor
254 3477 393 3542 nominis
420 3477 523 3543 nostri
549 3478 687 3561 inesset,
716 3480 753 3542 ut
773 3478 953 3543 Romanam
981 3477 1145 3543 civitatem
1167 3500 1235 3543 non
1257 3479 1340 3545 vice-

192 3704 347 3711 ..--—......

212 3861 228 3908 3
247 3857 413 3922 principatui
431 3844 536 3922 Lipsius
553 3855 690 3907 cruciatui
707 3857 728 3904 B
747 3855 898 3906 cruciatum
911 3857 974 3905 Acd
993 3857 1120 3907 cruciatu
1139 3869 1156 3913 ς
1226 3859 1243 3906 6
1261 3854 1337 3925 vola]

144 3926 209 3976 nolo
227 3928 266 3979 bs
335 3928 400 3990 quia
419 3940 558 3976 caesarem
576 3925 619 3979 Βς
687 3926 847 3987 iquaeque
865 3925 969 3988 Lipsius
994 3939 1065 3988 quae
1084 3925 1173 3975 saar
1243 3929 1339 3976 8sac-

144 3996 205 4058 pius
223 3995 262 4042 Bc
282 4008 348 4059 sepe
365 3996 410 4043 Ad
478 3996 510 4043 10
529 3990 588 4058 cos]
610 3994 675 4042 eob
755 3994 784 4041 11
804 3991 921 4042 liberum
940 3997 982 4042 est
1000 3997 1091 4043 autem
1109 3992 1278 4043 discriminis
1295 3995 1340 4043 Bd

144 4061 260 4112 liberam
280 4066 322 4112 est
341 4062 506 4112 discriminis
523 4062 564 4110 Aa
582 4060 699 4111 liberum
718 4064 760 4111 est
778 4064 870 4109 autem
888 4060 1058 4126 disceptanti
1081 4062 1174 4112 dicere
1194 4062 1340 4112 Calabaeus

145 4129 260 4179 liberum
279 4133 322 4181 est
339 4135 433 4181 tamen
450 4130 618 4194 disceptanti
637 4129 730 4179 dicere
747 4129 878 4178 Livineius
931 4127 1039 4179 12n010
1059 4145 1120 4178 eum
1133 4131 1176 4184 Βς
1195 4130 1258 4180 uolo
1278 4146 1338 4180 eum

148 4198 220 4250 hod.
237 4199 352 4261 fortasse
370 4199 433 4250 nolo
452 4214 522 4259 eum,
543 4196 626 4246 alium
645 4197 708 4247 volo
761 4195 793 4246 13
810 4195 1014 4247 beneficiumli
1073 4199 1105 4246 14
1124 4212 1257 4248 summam
1277 4213 1337 4260 gra·

145 4266 212 4314 tiam
232 4267 375 4316 Calabaeus
434 4269 465 4316 16
483 4267 525 4316 ita
543 4281 589 4315 cm.
608 4266 638 4313 Α.
655 4265 768 4324 sortasse
787 4265 829 4313 ita
847 4280 900 4315 non
924 4265 983 4316 sine
1003 4264 1174 4329 singulorum
1195 4265 1305 4316 iniuriis

145 4337 308 4398 cogerentur
325 4335 368 4385 his
385 4336 472 4384 assu
491 4337 640 4399 coegerunt
658 4333 700 4383 his
719 4333 863 4383 Gaianaeas
939 4333 1018 4383 uices
1037 4347 1093 4383 una
1111 4333 1126 4394 β
1198 4336 1230 4384 17
1250 4338 1279 4386 et
1297 4333 1338 4383 fa-

146 4401 199 4451 cile
217 4404 299 4452 cm.b
369 4406 400 4453 19
419 4420 479 4452 cum
498 4402 592 4452 labore
610 4414 624 4449 c
644 4416 704 4450 cum
722 4400 861 4451 honored
945 4403 976 4451 21
1000 4416 1140 4452 sacrorum
1158 4401 1278 4466 denique
1295 4402 1339 4451 Bd

146 4483 280 4534 sacroque
299 4471 415 4536 denique
434 4473 476 4520 Aa
544 4472 577 4520 24
595 4469 704 4520 civibus
721 4485 767 4522 om.
786 4470 827 4518 Aa
912 4471 945 4521 28
962 4471 991 4519 in
1009 4470 1156 4521 maximam
1175 4469 1338 4520 iniuriamd

218 4539 250 4588 29
270 4538 326 4590 odii
346 4541 444 4590 crath
513 4540 544 4591 31
562 4540 668 4590 inesset
685 4538 727 4587 Bd
745 4541 805 4588 erat
822 4538 864 4588 Aa
