3024 5062
618 276 828 325 Pulnrnrlo.
1258 277 1318 323 XLI

121 431 159 492 ut
182 437 254 492 eum
278 450 317 493 ex
339 427 499 493 Vaticano
520 429 715 513 descriptum
730 450 798 494 esse
813 427 1013 494 Schwaraius
1028 428 1152 494 dixerit.
1176 429 1231 494 sed
1248 451 1319 494 eum
1419 411 1424 426 ⁸

122 529 207 594 liber
228 529 373 614 quamvis
395 530 681 615 neglegentissime
703 531 842 614 scriptus
857 530 966 614 paucis
987 533 1093 595 tamen
1110 530 1189 594 locis
1210 551 1319 595 veram

120 631 316 716 scripturam
337 631 372 696 in
395 630 554 697 Vaticano
579 634 777 716 corruptam,
807 653 889 715 quac
910 631 1038 716 quidem
1067 633 1251 698 coniectura
1272 653 1319 696 16-

120 731 214 797 stitui
236 727 303 797 non
331 734 472 816 poterat,
503 732 676 798 servaverit
703 732 882 817 integram,
912 732 1014 816 qualis
1041 733 1076 797 in
1103 733 1175 798 61116
1196 754 1320 818 quoque

120 833 214 898 libris
236 834 416 917 invenitur,
439 855 507 898 non
530 833 616 898 hunc
639 854 677 898 ex
699 834 755 898 illo
778 834 925 918 ductum,
950 835 1005 899 sed
1020 835 1156 899 eundem
1179 834 1320 899 codicem

120 935 229 1020 potius
260 935 300 998 ab
331 935 432 999 altero
459 935 590 1000 librario
615 935 804 1021 diligenter,
836 936 875 1000 ab
903 937 1004 1001 altero
1032 937 1242 1026 neglegenter
1269 958 1320 1001 ex-

121 1038 280 1121 scriptum
302 1057 371 1100 esse
394 1036 544 1100 1116611166.
583 1036 679 1100 simili
695 1038 849 1101 societate
870 1036 957 1100 inter
980 1058 1013 1100 se
1027 1038 1140 1101 conexi
1162 1040 1238 1101 611111
1260 1036 1321 1100 duo

121 1136 198 1201 libri
219 1135 481 1201 Vindobonensis
505 1141 538 1202 et
559 1136 781 1220 Monacensis,
813 1158 948 1220 quorum
975 1138 1003 1201 is
1026 1140 1075 1201 est
1102 1139 1199 1202 etiam
1221 1139 1256 1201 in
1278 1137 1320 1201 le·

122 1237 262 1302 vissimis
289 1238 478 1323 quibusdam
506 1230 666 1304 erroribus
695 1259 886 1321 consensus,
921 1242 957 1303 ut
979 1260 1018 1303 ex
1044 1239 1153 1303 eodem
1175 1239 1320 1323 exemplo

121 1341 293 1423 utrumque
316 1360 499 1423 expressum
521 1362 590 1405 esse
612 1340 708 1425 plane
724 1342 889 1424 appareat.
921 1340 1005 1422 quod
1021 1340 1200 1424 exemplum
1215 1340 1320 1423 ipsum

121 1461 248 1524 quoque
276 1461 341 1504 non
371 1440 418 1504 ita
451 1442 594 1526 graviter
628 1441 891 1526 interpolatorum
927 1440 1033 1505 studio
1069 1444 1268 1525 corruptum,
1302 1464 1321 1506 a

121 1541 284 1607 Vaticano
305 1545 415 1606 tamen
438 1542 544 1607 codice
573 1564 632 1627 pro
661 1545 820 1607 communi
842 1541 969 1626 quidem
996 1542 1139 1606 omnium
1166 1541 1321 1608 librorum

121 1644 250 1729 origine
271 1644 350 1708 satis
373 1643 534 1708 diversum
554 1645 617 1708 fuit
638 1647 671 1709 et
692 1644 793 1708 multa
805 1665 886 1729 quae
909 1643 944 1708 in
972 1643 1029 1708 1116
1056 1649 1206 1729 corrupta
1228 1648 1321 1709 erant

122 1749 210 1810 recte
232 1745 353 1828 scripta
374 1743 497 1809 habuit.
533 1745 668 1810 eandem
689 1745 757 1810 fere
779 1746 987 1829 scripturam,
1010 1744 1120 1809 multis
1142 1746 1231 1810 illam
1253 1747 1321 1831 qui·

123 1847 196 1911 deni
218 1846 523 1930 interpolationibus
550 1847 775 1931 depravatam,
804 1846 904 1910 refert
933 1845 1182 1911 Mediolanensis
1210 1847 1318 1911 codex.

124 1950 337 2032 Augustanus
360 1950 467 2012 autem
495 1951 535 2013 et·
550 1947 806 2015 Caroliruhensis
838 1948 924 2013 inter
951 1951 1119 2032 utramque
1146 1949 1320 2014 lectionem

123 2050 242 2115 incerti
270 2049 364 2113 modo
386 2049 471 2114 hanc
492 2050 586 2114 modo
608 2050 697 2114 illam
719 2053 880 2135 secuntur,
902 2030 1145 2133 sed‘praecerea
1167 2051 1269 2115 multa
1288 2054 1321 2115 et

123 2151 241 2216 diversi
268 2150 397 2237 generis
426 2151 505 2231 vitia
525 2154 709 2237 traxerunt,
739 2173 873 2236 quorum
902 2151 965 2216 alia
987 2153 1151 2235 utriusque
1183 2154 1320 2216 commn-

123 2253 180 2318 nia
208 2256 300 2338 sunt,
329 2253 393 2317 alia
414 2253 509 2317 unius
531 2243 689 2339 cuiusque
711 2255 852 2338 propria.
890 2253 999 2336 itaque
1022 2252 1143 2317 duobus
1166 2254 1319 2338 exemplis

122 2355 199 2419 olim
223 2361 314 2420 vetus
343 2354 553 2438 archetypum
588 2354 782 2439 descriptum
809 2357 873 2438 est,
908 2374 1042 2438 quorum
1071 2354 1205 2418 alterum
1227 2356 1320 2419 nobis

122 2456 302 2521 Vaticanus
318 2455 414 2521 codex
431 2459 662 2540 repraesentat,
680 2456 826 2540 alterum,
842 2455 926 2540 quod
939 2454 1014 2518 olim
1028 2453 1209 2520 Florentiae
1221 2456 1320 2521 fuisse

123 2557 316 2642 subscriptio
345 2557 606 2623 vindobonensis
622 2558 703 2622 ’111111
731 2557 841 2641 docet,
879 2561 912 2621 et
939 2555 1032 2620 huius
1059 2559 1100 2620 et
1113 2555 1317 2623 Monacensis
1413 2587 1415 2590 ’

122 2660 220 2724 lectio
247 2659 357 2725 refert.
396 2659 649 2744 reliquiutpote
671 2659 801 2724 inscitia
823 2664 856 2723 et
888 2656 1019 2743 ignavia
1046 2657 1248 2722 librariorum
1270 2659 1320 2724 vel

121 2761 306 2826 temeritate
331 2762 597 2846 interpolatorum
619 2761 785 2846 depravati
808 2760 965 2825 minorem
989 2758 1238 2823 fidem‘habent.

209 2861 299 2927 Haec
310 2863 457 2928 sufficere
480 2863 573 2929 credo
595 2867 631 2927 ut
653 2866 686 2927 et
704 2864 747 2927 de
757 2863 797 2926 iis
813 2860 976 2926 codicibus
994 2882 1072 2944 quos
1094 2860 1163 2944 ipse
1175 2860 1272 2926 habui
1289 2866 1322 2926 et

123 2965 163 3029 de
184 2964 225 3028 iis
246 2985 325 3048 quos
348 2964 403 3029 alii
418 2967 613 3049 usurparunt
635 2966 722 3028 recte
736 2964 903 3028 iudicetur.
941 2963 1066 3026 namin
1084 2965 1187 3028 certas
1203 2963 1321 3028 classes

123 3066 314 3131 distribuere
340 3065 441 3130 libros
470 3067 582 3151 quinto
610 3067 732 3130 decimo
761 3065 886 3129 saeculo
913 3086 952 3129 ex
979 3085 1043 3128 uno
1071 3065 1245 3149 archetypo
1267 3066 1319 3130 do·

123 3168 260 3252 scriptos
283 3188 387 3252 neque
411 3171 480 3232 tam
501 3172 632 3254 propter
654 3168 870 3232 diversitatem
887 3166 1014 3251 stirpis,
1037 3187 1118 3249 quae
1140 3167 1230 3231 nulla
1251 3167 1320 3231 fere

123 3271 188 3351 est,
212 3290 307 3353 quam
329 3273 462 3354 propter
483 3270 686 3335 librariorum
714 3272 747 3334 et
768 3269 1034 3353 interpolatorum
1055 3268 1171 3333 menda
1192 3269 1226 3333 in
1249 3270 1321 3334 aliis

121 3370 340 3455 frequentius,
364 3371 400 3435 in
424 3371 496 3436 aliis
518 3372 621 3436 rarius
645 3371 782 3435 admissa
805 3370 891 3434 inter
919 3391 952 3433 66
975 3369 1201 3434 dissentientes
1223 3372 1320 3436 inane

122 3472 309 3557 plerumque
337 3475 369 3536 et
397 3495 509 3557 parurn
536 3473 737 3538 fructuosum
765 3471 931 3556 negotium
959 3473 1018 3534 est.
1058 3471 1180 3555 primus
1213 3474 1320 3536 autem

122 3573 363 3639 Francisous
396 3574 639 3639 Puteolanus
674 3595 749 3638 usus
783 3573 890 3638 codice
923 3573 1041 3658 aliquo.
1061 3575 1255 3658 interpolato
1288 3581 1320 3641 et

122 3675 357 3741 Mediolanensi
390 3676 527 3742 maxime
560 3676 657 3741 simili
688 3675 866 3740 orationem
894 3674 992 3738 Plinii
1026 3675 1126 3740 edidit
1153 3699 1218 3740 una
1249 3699 1318 3742 cum

121 3776 253 3861 reliquis
286 3778 490 3862 panegyricis
524 3779 649 3844 adiecto
677 3777 784 3842 Taciti
815 3776 898 3841 libro
927 3776 965 3839 de
993 3776 1060 3841 vita
1088 3778 1260 3864 Agricolae
1288 3783 1321 3844 et

121 3880 307 3964 fragmento
329 3878 472 3943 Petronii
496 3881 566 3944 sine
588 3878 651 3944 loci
674 3881 705 3943 et
727 3878 806 3942 anni
828 3878 948 3942 indicio
964 3877 1154 3963 Mediolani,
1178 3883 1320 3946 11111116-

121 3984 192 4064 tur,
221 4002 262 4044 a..
276 3980 368 4045 1482.
403 3980 487 4046 hanc
511 3982 683 4047 editionem
712 3981 814 4045 secuti
843 3983 919 4044 sunt
940 3978 1115 4044 Beroaldus
1138 3980 1319 4048 Catenaeus

121 4083 240 4166 Aldus,
265 4083 319 4167 qui
340 4083 494 4167 proximis
517 4085 611 4148 annis
640 4105 712 4149 oum
734 4082 881 4168 epistulis
903 4082 1001 4147 Plinii
1024 4082 1228 4148 coniunctam
1251 4107 1319 4150 ora-

105 4184 244 4249 tionem
277 4183 445 4249 ediderunt
467 4188 499 4249 et
529 4185 631 4250 multa
667 4185 868 4269 coniectura,
903 4206 969 4248 non
997 4206 1096 4248 manu
1128 4187 1320 4271 scriptorum

120 4286 277 4351 librorum
306 4286 496 4352 auctoritate
525 4290 740 4353 mutaverunt.
774 4309 816 4352 ne
838 4286 1014 4351 Ioannes
1043 4285 1319 4369 Cuspinianus

120 4388 260 4474 quidem,
274 4387 475 4474 cuiusopera
487 4390 621 4462 correcti
636 4389 825 4476 panegyrici
841 4388 918 4454 editi
930 4391 1005 4453 sunt
1013 4385 1161 4453 Viennae
1177 4410 1205 4455 a.
1224 4390 1317 4474 1513,

120 4490 270 4555 meliores
293 4489 434 4576 codices,
458 4514 555 4577 quam
577 4492 692 4577 quibus
713 4512 801 4557 nunc
825 4491 958 4574 utimur,
982 4488 1115 4574 habuit3
1136 4512 1238 4575 noque
1260 4493 1319 4557 fal-
