3024 5062
398 276 643 324 arrarunaamu
659 277 733 323 vm.
757 273 798 320 aa.
814 273 855 320 aa.
876 271 911 334 (a.
928 273 985 320 108.
1002 268 1060 333 roo)
1263 260 1324 323 231

130 425 279 491 scribam.
310 451 414 512 nuper
435 429 564 514 quidam
579 468 621 476 -
636 430 691 493 sed
706 429 818 493 melius
836 450 956 511 coram3
979 450 1226 512 quemquamne
1247 429 1356 493 tunel

129 528 267 612 quidem.
299 553 410 596 vereor
425 531 510 595 enim
528 554 569 596 ne
590 531 622 595 id
638 532 722 616 quod
736 531 872 615 inprobo
887 531 1038 594 insectari
1062 552 1191 613 carpere
1207 530 1326 594 referre

129 629 206 695 huic
227 632 399 715 quodcum
413 633 550 698 maxime
566 633 779 717 praecipimus
794 635 964 716 repugnet.
996 632 1138 716 quisquis
1161 632 1226 714 ille,
1250 655 1326 716 qua-

129 731 320 817 liscumque,
344 734 491 818 sileatur,
515 757 610 819 quem
630 734 789 819 insignire
805 733 942 817 exempli
958 734 1056 817 nihil,
1080 755 1147 797 non
1169 733 1326 818 insignire

69 910 72 915 Ι
102 833 342 900 ahumaniatis
363 836 536 919 plurimum
559 836 667 900 refert.
698 836 777 900 vale.

554 1005 676 1070 XXIII.
707 1014 742 1081 (a.
766 1014 898 1077 ros1oo)

434 1127 463 1178 o.
483 1129 633 1179 ammos
651 1126 891 1176 nascatnino
905 1126 974 1177 suo
993 1125 1019 1178 s.

214 1243 331 1307 Omnia
346 1243 424 1307 mihi
445 1244 567 1327 studia,
591 1265 701 1306 omnes
717 1234 808 1306 curas
816 1291 825 1324 ,
849 1243 957 1305 omnia
972 1244 1181 1306 avocamenta
1196 1243 1322 1326 exemit,
1337 1245 1352 1305 1

127 1345 282 1428 excussit,
307 1346 424 1428 eripuit
445 1345 549 1428 dolor,
578 1366 673 1428 quem
700 1367 738 1408 ex
760 1347 862 1407 morte
883 1342 956 1406 Iuni
978 1343 1068 1406 Aviti
1094 1344 1319 1428 gravissimum

87 1462 114 1503 1⁰
128 1446 209 1528 cepi.
244 1445 345 1510 latum
370 1447 494 1511 olavum
516 1447 550 1511 in
573 1447 666 1510 domo
687 1468 759 1510 mea
781 1446 944 1509 induerat:
971 1445 1123 1530 suffragio
1145 1467 1215 1509 meo
1238 1446 1355 1510 adiu-2

126 1550 179 1611 tus
207 1548 243 1612 in
270 1549 418 1632 petendis
446 1549 620 1613 honoribus
642 1548 764 1612 fuerat:
788 1547 910 1612 adhoc
932 1547 979 1610 ita
1001 1569 1052 1610 me
1074 1547 1248 1632 diligebat,
1278 1549 1326 1612 ita

125 1649 313 1734 verebatur,
335 1653 372 1714 ut
386 1671 436 1714 me
458 1651 630 1715 formatore
645 1671 784 1733 morum,
808 1671 860 1713 me
882 1649 972 1732 quasi
994 1649 1150 1733 magistro
1170 1652 1323 1714 uteretur.

126 1772 236 1815 rarum
264 1750 324 1815 hoc
352 1751 387 1815 in
414 1751 671 1816 adulescentibus
698 1751 827 1815 nostris.
869 1772 945 1813 nam
972 1753 1086 1834 quotus
1116 1751 1248 1836 quisque
1274 1751 1354 1816 vel3

127 1853 229 1917 aetati
256 1852 387 1917 alterius
414 1853 465 1917 vel
494 1852 678 1917 auctoritati
706 1855 742 1916 ut
769 1853 874 1916 minor
902 1851 1009 1915 cedit?
1043 1852 1155 1916 statim
1184 1855 1323 1938 sapiunt,

89 1969 114 2010 15
127 1953 239 2018 statim
261 1955 367 2018 sciunt
380 1949 512 2037 omnia,
535 1955 698 2017 neminem
712 1957 878 2036 verentur,
902 1953 1071 2016 imitantur
1093 1955 1255 2019 neminem
1278 1959 1324 2019 at-

126 2077 187 2139 que
209 2055 273 2139 ipsi
295 2055 355 2119 sibi
378 2055 523 2139 exempla
545 2058 630 2119 sunt.
665 2055 720 2119 sed
742 2077 809 2119 non
831 2056 947 2119 Avitus
954 2106 963 2139 ,
992 2056 1079 2119 cuius
1101 2056 1180 2120 haec
1202 2059 1324 2140 praeci-

72 2202 75 2206 ·
125 2179 190 2240 pua
212 2156 400 2240 prudentia,
424 2158 506 2240 quod
530 2156 608 2220 alios
630 2157 851 2240 prudentiores
874 2157 1108 2239 arbitrabatur,
1132 2158 1211 2222 haec
1232 2181 1323 2243 prae-

127 2258 222 2342 cipua
244 2257 378 2322 eruditio
385 2309 394 2342 ,
417 2258 503 2342 quod
525 2258 647 2323 discere
668 2258 806 2322 volebat.
847 2280 971 2341 semper
992 2258 1046 2321 ille
1069 2263 1125 2322 aut
1147 2260 1185 2323 de
1208 2262 1351 2325 studiis4

38 2346 44 2354 ’
126 2357 255 2445 aliquid
271 2363 327 2424 aut
349 2361 387 2424 de
409 2360 523 2424 officiis
545 2361 631 2425 vitae
654 2360 857 2443 consulebat,
881 2381 1005 2443 semper
1027 2360 1073 2423 ita
1095 2360 1265 2425 recedebat
1287 2369 1324 2426 ut

87 2461 239 2526 amatior
259 2461 381 2546 factus,
406 2465 438 2526 et
460 2465 529 2526 erat
550 2462 655 2525 factus
678 2461 728 2525 vel
750 2462 892 2546 eoquod
915 2463 1059 2546 audierat
1081 2461 1131 2526 vel
1152 2463 1235 2546 quod
1257 2486 1322 2527 om-

124 2568 203 2628 nino
225 2564 416 2648 quaesierat.
447 2563 529 2647 quod
552 2562 606 2626 ille
622 2563 807 2646 obsequium
822 2562 992 2644 Serviano,
1017 2563 1219 2627 exactissimo
1241 2565 1352 2648 viro,5

117 2664 305 2750 praestitit!
333 2686 427 2749 quem
454 2665 598 2750 legatum
619 2665 768 2728 tribunus
795 2667 843 2729 ita
865 2668 897 2730 et
919 2665 1080 2729 intellexit
1101 2669 1133 2728 et
1156 2666 1256 2749 oepit,
1286 2671 1322 2730 ut

126 2789 165 2832 ex
188 2766 362 2832 Germania
382 2769 419 2832 in
433 2767 637 2832 Pannoniam
659 2771 881 2831 transeuntem
902 2789 969 2831 non
991 2770 1027 2830 ut
1050 2767 1241 2850 commilito,
1266 2768 1322 2831 sed

124 2872 163 2934 ut
184 2890 289 2933 comes
311 2869 552 2955 adsectatorque
575 2872 770 2952 sequeretur.
800 2891 864 2952 qua
887 2868 1059 2951 industria,
1083 2890 1146 2951 qua
1165 2869 1322 2933 modestia

82 2973 277 3055 25quaertor
299 2970 480 3035 consulibus
508 2972 573 3035 suis
596 2970 643 3058 (et
663 2970 771 3054 plures
794 2970 919 3055 habuit)
941 2992 1008 3034 non
1030 2971 1135 3034 minus
1163 2970 1321 3034 iucundus

125 3075 160 3137 et
186 3074 300 3156 gratus
327 3094 424 3157 quam
445 3072 533 3136 utilis
554 3073 632 3137 fuit!
661 3093 723 3157 quo
750 3072 907 3156 discursu,
937 3094 999 3155 qua
1020 3071 1205 3157 vigilantia,
1235 3071 1320 3136 hanc

125 3257 328 3266 μ

196 3367 209 3414 1
229 3380 316 3431 nuper
334 3381 380 3415 om.
399 3381 416 3414 a
500 3368 516 3415 2
535 3381 568 3414 ne
587 3364 615 3414 id
634 3362 705 3428 quod
723 3364 837 3428 inprobo
855 3364 988 3414 insectari
1007 3379 1120 3429 carpere
1133 3365 1236 3414 referre
1253 3365 1317 3415 huic

125 3433 278 3498 quodcum
304 3435 422 3482 maxime
450 3434 635 3498 praecipimus
654 3437 789 3496 repugnet
807 3432 831 3480 I.
850 3433 880 3484 F.
902 3433 1041 3482 Gronovius
1060 3447 1093 3480 ne
1110 3431 1151 3495 id,
1180 3433 1251 3496 quod
1269 3435 1318 3482 im·

124 3501 226 3567 probo,
251 3502 427 3562 consectari,
454 3516 579 3566 carpere,
602 3500 721 3563 referre,
740 3499 804 3550 huic
822 3499 894 3565 quod
913 3501 1113 3564 quammaxime
1133 3501 1318 3565 praecipimus

123 3573 263 3634 repugnet
281 3582 343 3618 ane
358 3569 385 3618 id
399 3569 468 3633 quod
487 3569 602 3633 inprobo
622 3584 668 3620 eos
682 3569 786 3618 sectari
805 3583 919 3632 carpere
937 3569 996 3618 fere
1015 3567 1078 3616 huic
1097 3569 1242 3631 quodcum
1261 3585 1318 3618 ma-

123 3639 198 3688 ximo
216 3637 399 3702 praecipimus
426 3642 561 3702 repugnet
587 3634 764 3700 (praecipuus
786 3637 887 3700 repugt
904 3634 928 3700 r)
951 3639 996 3684 Er
1023 3652 1057 3686 ne
1084 3636 1112 3685 id
1131 3652 1185 3701 quo
1202 3636 1318 3702 inprobo

125 3705 295 3757 consectari
312 3704 420 3756 uidear:
448 3705 483 3755 ad
508 3706 575 3754 haec
601 3720 715 3770 carpere
744 3704 931 3769 quodcumque
950 3705 1068 3754 maxime
1086 3707 1257 3769 praeceperis
1276 3721 1318 3754 ro·

124 3777 233 3840 pugnat
252 3772 396 3823 Coronaeus
445 3775 462 3822 4
481 3773 600 3837 exempli
617 3771 688 3821 nihil
704 3772 776 3827 lisa
793 3773 912 3836 exempli
931 3773 1011 3822 nisir
1029 3771 1144 3838 exempli
1163 3773 1220 3836 (om.
1235 3773 1316 3837 nihil)

125 3842 271 3893 Catenaeus
289 3839 407 3906 exempli
424 3840 549 3891 nonnihil
568 3841 733 3890 Carantonus

193 3908 289 3958 XXIII
305 3911 321 3960 8
340 3908 466 3960 Minima
485 3908 551 3958 mihi
568 3911 599 3957 r*
686 3907 917 3958 aduocamentar
997 3908 1104 3959 blunii
1121 3909 1188 3956 lira
1256 3924 1317 3974 gra·

124 3974 277 4041 vissimum]
297 3977 455 4041 grauIssimi
472 3976 589 4026 hominis
608 3989 624 4030 ς
695 3978 725 4026 10
743 3976 822 4041 coepi
839 3978 910 4030 lisa
977 3977 1007 4026 in
1025 3977 1106 4027 domu
1125 3978 1184 4026 mea
1201 3979 1232 4024 r*

124 4043 196 4108 meo]
215 4047 259 4094 mo
278 4039 314 4110 (lt.
333 4061 355 4098 e.
374 4043 464 4106 modo)
483 4045 516 4092 r*
603 4045 632 4092 11
652 4044 692 4093 ita
715 4060 757 4093 me
775 4042 910 4109 diligebat
927 4047 955 4092 Η
972 4045 1013 4093 ita
1031 4044 1168 4110 diligebat
1185 4058 1198 4091 r
1216 4045 1256 4094 ita
1275 4060 1318 4094 me

123 4112 262 4163 dilexerat
278 4127 295 4161 a
364 4114 395 4162 12
412 4113 561 4162 formatore
577 4111 604 4159 n
674 4115 705 4162 13
722 4112 751 4161 in
769 4128 816 4162 om.
833 4127 850 4160 a
902 4115 934 4162 14
952 4113 1047 4162 etatir
1065 4116 1160 4162 aetate
1178 4113 1318 4163 corn—ti

122 4182 151 4229 rt
170 4183 266 4230 aetate
285 4192 323 4234 §a
391 4180 552 4230 auctoritati
569 4179 596 4227 II
615 4181 680 4231 auct
697 4194 710 4227 r
729 4181 898 4230 anctoritate
917 4193 955 4235 §a
1030 4180 1104 4246 cedit
1121 4181 1149 4227 u
1219 4181 1251 4230 15
1268 4195 1316 4229 ne·

124 4249 226 4298 minem
244 4255 390 4313 uerentur,
410 4248 555 4298 imitantur
572 4250 710 4298 neminem
728 4263 745 4296 a
762 4249 898 4298 neminem
915 4249 1059 4298 imitantur
1078 4248 1143 4310 (reli.
1161 4248 1218 4309 om.)
1237 4251 1283 4296 nr

84 4311 89 4319 ’
124 4318 157 4367 16
176 4316 328 4382 praecipua
346 4320 406 4365 erat
424 4315 570 4380 prudentia
587 4330 601 4365 r
669 4318 701 4365 22
720 4317 761 4366 ita
780 4320 808 4366 et
825 4315 964 4366 intellexit
984 4321 1011 4365 et
1030 4316 1142 4380 cepit!
1159 4317 1201 4365 ita
1219 4315 1317 4365 dilexit

123 4392 153 4435 et
173 4385 249 4449 cepIt
266 4384 338 4434 rita
356 4387 385 4434 et
401 4383 538 4434 intellexit
557 4390 586 4433 et
604 4385 715 4450 excepit
732 4397 748 4431 a
849 4386 882 4433 24
901 4384 1081 4448 adsectorque
1099 4399 1116 4432 a
1135 4383 1316 4448 adsessorque

122 4452 296 4503 Mommsenus
364 4467 435 4518 qu.a
452 4451 588 4502 industria
605 4455 633 4501 u
709 4453 743 4502 25
762 4456 790 4502 et
807 4452 930 4516 pluribus
948 4452 1076 4503 habuerit
1093 4465 1107 4500 r
1124 4451 1249 4517 pluribus
1267 4452 1316 4502 ha-

121 4521 235 4575 bituss
303 4521 335 4570 26
353 4519 429 4571 utilis
445 4523 491 4569 Ην
508 4520 570 4571 usui
588 4535 605 4568 a
