3024 5062
158 259 221 323 374
681 275 711 322 c.
736 275 832 323 mnu

158 429 232 494 litas
253 431 382 512 nostra,
412 427 468 491 sed
489 427 584 510 fides,
614 427 742 494 Caesar.
780 429 882 513 turpis
909 430 1012 494 tutela
1033 429 1189 515 principis
1213 431 1264 496 cui
1286 435 1357 515 pot-

159 534 208 596 est
229 531 388 615 imputari.
426 529 516 613 queri
538 529 617 594 libet
639 530 721 614 quod
753 530 787 594 in
816 534 940 596 secreta
968 534 1079 596 nostra
1101 553 1167 596 non
1189 532 1359 616 inquirant

158 632 337 717 principes,
361 631 425 695 nisi
447 653 525 715 quos
548 631 680 696 odimus.
719 654 794 696 nam
817 633 845 696 si
868 634 976 698 eadem
1001 655 1077 698 cura
1092 633 1184 699 bonis
1208 638 1240 701 et
1262 635 1358 699 malis

159 737 258 818 esset,
292 755 388 818 quam
415 733 535 817 ubique
563 733 806 799 admirationem
833 735 898 819 tui,
934 735 1017 819 quod
1050 735 1202 820 gaudium
1234 737 1358 800 exulta·

159 837 341 920 tionemque
363 834 629 919 deprehenderes,
654 857 732 919 quos
755 836 896 901 omnium
920 859 993 902 cum
1008 837 1196 921 coniugibus
1219 861 1258 903 ac
1280 837 1384 902 libo-a

159 939 219 1022 ris,
249 960 327 1023 quos
355 937 451 1002 etiam
480 959 552 1002 cum
580 936 761 1003 domesticis
790 937 854 1002 aris
882 938 1025 1024 focisque
1048 939 1225 1003 sermones!
1259 938 1359 1003 scires

161 1040 356 1104 mollissimis
378 1039 449 1103 istis
472 1039 601 1103 auribus
623 1039 723 1124 parci.
761 1042 794 1104 et
816 1040 934 1124 alioqui
950 1063 1023 1105 curn
1045 1041 1111 1105 sint
1126 1040 1235 1105 odium
1257 1061 1359 1104 amor-

162 1165 222 1226 que
246 1141 415 1226 contraria,
437 1141 499 1206 hoo
521 1162 675 1225 perquam
697 1141 801 1206 simile
816 1141 952 1227 habent,
976 1143 1060 1228 quod
1082 1143 1128 1208 ibi
1142 1142 1360 1228 intemperan-

161 1243 225 1309 tius
248 1265 391 1308 amamus
414 1243 514 1308 bonos
536 1243 714 1328 principes,
739 1244 793 1308 ubi
815 1244 948 1310 liberius
967 1244 1069 1310 malos
1091 1244 1224 1309 odimus.

111 1349 153 1412 69
247 1345 368 1430 (lepisti
397 1348 506 1410 tamen
535 1347 567 1409 et
594 1345 741 1410 adfectus
763 1347 865 1411 nostri
894 1349 926 1411 et
953 1346 1064 1412 iudicii
1093 1346 1399 1431 experimentum,10

162 1451 316 1533 quantum
338 1448 513 1512 maximum
534 1469 685 1532 praesens
701 1469 815 1532 capere
836 1449 985 1533 potuisti,
1008 1449 1064 1514 illo
1087 1449 1137 1513 die
1159 1470 1222 1533 quo
1244 1449 1362 1515 sollici-

163 1551 266 1616 tudini
288 1550 464 1635 pudorique
480 1549 721 1615 candidatorum
743 1551 790 1614 ita
806 1549 1010 1636 consuluisti,
1033 1573 1074 1615 ne
1089 1550 1184 1615 ullius
1207 1551 1362 1636 gaudium

163 1652 294 1717 alterius
316 1651 449 1716 tristitia
470 1653 625 1716 turbaret.
664 1651 719 1716 alii
743 1673 815 1716 oum
836 1652 977 1736 laetitia,
1008 1651 1062 1716 alii
1086 1675 1157 1717 cum
1180 1675 1237 1738 spe
1259 1674 1362 1718 reces-

165 1758 290 1820 serunt:
323 1753 432 1817 multis
459 1753 701 1839 gratulandum,
729 1775 823 1819 nemo
855 1754 1069 1819 consolandus
1097 1754 1169 1819 fuit.
1206 1755 1362 1820 necideo
1401 1777 1403 1780 ’

163 1858 293 1943 segnius
315 1857 445 1920 iuvenes
467 1857 593 1920 nostros
616 1855 801 1921 exhortatus
824 1878 874 1940 cs,
898 1859 1052 1931 senatum⁴
1068 1855 1292 1941 circumirent,
1315 1879 1362 1922 se·
1377 1885 1401 1924 15

164 1960 255 2024 natui
277 1959 495 2044 supplicarent
518 1961 612 2043 atquc
638 1958 686 2022 ita
705 1980 724 2022 a
744 1957 893 2043 principe
915 1961 1084 2045 sperarent
1111 1959 1264 2044 honores,
1294 1961 1322 2024 si
1344 1983 1364 2025 a

164 2064 277 2126 senatu
299 2061 465 2146 petissent.
504 2082 565 2145 quo
588 2060 714 2145 quidem
742 2061 778 2124 in
800 2060 886 2145 loco,
916 2061 943 2125 si
966 2061 1080 2145 quibus
1102 2083 1181 2146 opus
1204 2063 1362 2147 exemplo,

164 2163 308 2228 adiecisti
330 2166 367 2228 ut
387 2166 418 2227 te
433 2163 649 2228 imitarentur.
686 2163 837 2247 arduum,
861 2162 996 2247 Caesar,
1020 2164 1202 2249 exemplum
1224 2167 1258 2229 et
1280 2165 1364 2249 quod

164 2265 283 2331 imitari
304 2287 370 2329 non
392 2271 496 2351 magis
519 2266 685 2350 quisquam
708 2265 946 2330 candidatorum
968 2287 1064 2350 quam
1085 2266 1279 2358 principum·
1293 2288 1363 2351 pos-

165 2367 218 2432 sit.
250 2367 320 2451 quis
343 2369 430 2431 enim
451 2367 502 2433 vel
524 2390 588 2432 uno
611 2367 662 2432 die
684 2367 880 2434 reverentior
902 2369 1031 2432 senatus
1055 2366 1243 2432 candidatus
1266 2390 1363 2454 quam
1376 2397 1400 2437 a

164 2473 200 2534 tu
223 2492 294 2535 eum
316 2470 404 2534 omni
426 2471 493 2535 vita
515 2472 585 2534 tum
607 2469 662 2534 illo
684 2470 754 2554 ipso
775 2472 936 2553 tempore,
967 2490 1028 2553 quo
1050 2468 1171 2533 iudicas
1194 2469 1233 2534 de
1258 2470 1364 2534 candi-

166 2571 274 2636 datis?
302 2594 344 2636 an
373 2572 458 2637 aliud
481 2575 553 2637 ate
583 2593 678 2657 quam
701 2574 831 2636 senatus
853 2571 1035 2636 reverentia
1056 2570 1198 2636 obtinuit
1220 2576 1257 2636 ut
1279 2572 1365 2638 iuve-

166 2675 261 2739 nibus
284 2674 478 2739 clarissimae
493 2675 600 2760 gentis
623 2674 766 2738 debitum
781 2675 892 2760 generi
914 2674 1085 2757 honorem,
1108 2673 1163 2738 sed
1190 2676 1364 2759 antequam

167 2776 350 2859 deberetur,
380 2776 533 2841 offerres?
560 2776 689 2841 tandem
718 2797 794 2861 ergo
815 2775 966 2840 nobilitas
981 2797 1048 2840 non
1070 2775 1279 2860 obscuratur,
1309 2777 1364 2841 sed

166 2878 358 2943 inlustratur
379 2900 398 2942 a
418 2878 580 2963 principe:
606 2878 737 2943 tandem
757 2877 832 2952 illos
852 2877 1035 2964 ingentium
1056 2877 1197 2942 virorum
1217 2881 1363 2964 nepotes,
1376 2910 1399 2950 a

167 2980 239 3044 illos
261 2983 404 3065 posteros
426 2978 585 3045 libertatis
607 3002 667 3046 nec
689 2983 790 3046 terret
812 2979 929 3046 Caesar
950 3001 1010 3046 nec
1032 2983 1143 3065 pavet3
1166 2980 1245 3064 quin
1267 2981 1364 3045 immo

167 3082 329 3147 festinatis
362 3081 536 3146 honoribus
567 3082 743 3167 amplificat
775 3084 871 3166 atque
903 3084 1001 3166 auget
1033 3084 1067 3146 et
1095 3081 1271 3147 maioribus
1300 3082 1364 3147 suis

167 3185 283 3250 reddit.
321 3183 424 3269 siquid
446 3206 579 3268 usquam
607 3185 716 3269 stirpis
745 3184 913 3268 antiquae,
943 3183 1047 3268 siquid
1069 3183 1216 3248 residuae
1239 3183 1364 3248 clarita-

168 3287 227 3371 tis,
249 3287 310 3351 hoc
332 3285 532 3371 amplexatur
561 3290 594 3352 et
614 3287 737 3352 refovet
764 3287 853 3351 etin
875 3309 968 3352 usum
996 3286 1042 3351 rei
1064 3285 1211 3371 publicae
1234 3287 1362 3372 promit.

170 3392 246 3455 sunt
266 3390 301 3454 in
323 3387 443 3453 honore
464 3388 631 3454 hominum
654 3392 687 3454 et
708 3389 743 3454 in
765 3388 885 3454 honore
906 3389 1013 3453 famae
1028 3409 1148 3473 magna
1170 3389 1306 3453 nomina
1327 3411 1363 3453 ex
1375 3422 1395 3461 o

96 3548 99 3553 ,
169 3491 312 3556 tenebris
334 3490 503 3556 oblivionis
525 3491 729 3577 indulgentia
752 3490 912 3571 Caesaris,
944 3489 1033 3555 cuius
1056 3490 1135 3556 haee
1163 3496 1223 3574 vir,
1253 3494 1290 3556 ut
1311 3511 1363 3554 no

237 3797 352 3867 111111]
372 3801 440 3851 licet
457 3799 480 3848 A
548 3803 564 3852 3
583 3800 637 3850 nisi
655 3815 724 3864 quos
742 3797 864 3849 A²Bacd
881 3799 938 3850 nisi
956 3799 1027 3865 quod
1045 3798 1068 3847 A
1136 3799 1219 3851 bonis
1239 3803 1268 3850 et
1286 3800 1363 3851 malis

169 3869 326 3920 Bodbonis
345 3868 613 3920 acmalisAbonis
632 3884 703 3934 quae
722 3867 837 3922 maliss
897 3867 1201 3919 tsciresBacdsiA
1272 3871 1363 3919 'lcum

170 3939 256 3989 onv.B
325 3937 599 4003 8temperantiusB
668 3936 816 3987 9liberius
833 3948 850 3991 ς
868 3935 1012 3986 liberalius
1029 3936 1118 3985 Aaou
1199 3935 1363 3987 audimusA

240 4008 269 4056 11
288 4007 406 4057 maxime
424 4007 460 4054 cd
529 4006 585 4055 Id’o
605 4003 675 4067 (ideo
693 4002 720 4070 a)
739 4003 788 4054 illo
806 4003 851 4055 die
869 4006 892 4053 A
970 4006 1001 4053 14
1021 4003 1245 4054 consulendusll
1315 4021 1363 4055 nec

172 4091 204 4125 eo
223 4075 333 4139 segnius
352 4076 483 4126 Livineius
553 4075 584 4124 15
602 4078 702 4123 senatu
721 4073 909 4123 circumiretB
929 4072 1102 4122 consulatum
1121 4073 1300 4123 circumirent
1317 4086 1333 4128 ς

173 4144 204 4193 18
223 4143 337 4194 arduum
356 4157 454 4194 caesar
473 4143 625 4207 exemplum
643 4143 679 4192 Et
698 4156 751 4205 quo
770 4140 841 4191 enim
861 4140 1026 4205 (exemplum
1048 4139 1183 4204 Equidem
1202 4142 1229 4206 d)
1248 4141 1295 4192 uel
1313 4157 1363 4191 uno

172 4211 216 4261 die
235 4210 271 4260 cd
374 4214 406 4262 19
424 4227 478 4261 non
497 4211 586 4275 magis
603 4211 626 4258 A
643 4212 733 4274 magis
751 4225 805 4259 non
822 4211 843 4259 B
955 4209 1099 4274 quisquam
1117 4207 1173 4258 Δί
1191 4210 1307 4275 quisque
1324 4211 1364 4264 Βς

173 4279 294 4343 quamA
371 4282 403 4328 22
422 4295 457 4329 an
477 4278 552 4329 aliud
571 4295 587 4328 a
606 4284 634 4328 11
652 4283 766 4328 senatus
783 4278 940 4328 reuerentia
958 4276 1076 4328 obtinuit
1094 4292 1176 4342 quam
1195 4283 1227 4328 ut
1244 4280 1267 4327 A
1291 4298 1294 4302 ·
1334 4281 1363 4328 23

172 4347 325 4397 clarissime
345 4348 447 4412 genitis
464 4349 594 4398 Livineius
680 4349 712 4396 25
730 4341 861 4412 virorum]
881 4345 990 4408 uirosss
1071 4346 1104 4395 28
1122 4361 1239 4410 usquam
1256 4346 1305 4396 AB
1322 4362 1364 4396 us-

173 4431 227 4481 que
245 4417 279 4464 orl
297 4430 416 4480 unquam
434 4428 450 4464 a
517 4419 550 4467 30
568 4419 633 4466 sunt
652 4419 681 4465 et
699 4416 727 4463 in
745 4415 848 4465 honore
866 4413 1005 4464 hominum
1022 4414 1058 4462 cd
1114 4419 1143 4463 et
1160 4415 1190 4463 in
1209 4431 1257 4466 ore
1276 4415 1363 4466 famae

172 4485 303 4535 Livineius
405 4500 438 4534 ex
456 4484 577 4535 tenebris
595 4483 743 4533 obliuionis
766 4482 941 4548 indulgentia
960 4481 1089 4532 Caesaris
1107 4487 1236 4534 extracta
1253 4484 1363 4549 Lipsius.

171 4553 285 4618 fortasse
304 4553 429 4603 excitata
447 4567 481 4602 ex
498 4553 622 4603 tenebris
641 4551 789 4603 oblivionis
807 4549 979 4617 indulgentia
992 4549 1124 4602 Caesaris
1175 4552 1365 4604 3111111111
