3024 5062
483 291 727 339 nersronnamu
748 292 809 338 v11.
836 289 857 336 1.
874 290 897 337 a.
919 290 943 338 3.
968 283 1003 351 (a.
1027 286 1085 350 ror)
1319 276 1375 340 181

190 466 262 509 cum
283 443 457 510 vicensimo
474 444 666 510 valetudinis
688 444 740 510 die
762 444 890 509 balineo
904 467 1115 530 praepararer
1136 449 1380 531 mussantesque

188 545 327 611 medicos
349 550 482 630 repente
504 546 670 630 vidissem,
695 569 823 612 causam
838 547 1000 632 requisivi.
1031 549 1266 632 responderunt
1286 570 1379 632 posse

187 669 238 712 me
260 650 330 713 tuto
352 649 469 733 lavari,
493 651 683 714 nontamen
698 648 829 714 omnino
849 649 919 713 sine
935 649 1042 735 aliqua
1057 650 1246 735 suspicione.
1278 651 1408 734 ‘quid'li

187 749 320 834 inquam
348 756 489 817 ‘necesse
516 749 601 816 est?’
637 754 732 836 atque
759 752 807 816 ita
834 772 891 836 spe
919 751 1055 836 balinei,
1085 754 1136 818 cui
1162 752 1227 816 iam
1248 753 1380 818 videbar

163 851 320 936 amsani,
349 851 476 936 placide
497 852 675 937 leniterque
698 852 828 917 dimissa
850 853 890 918 ad
913 854 1145 919 abstinentiam
1176 876 1285 919 rursus
1312 875 1379 918 non

188 975 279 1019 secus
301 976 340 1019 ac
361 954 455 1019 modo
478 954 517 1018 ad
539 954 703 1019 balineum
725 955 869 1019 animum
890 955 1077 1040 vultumque
1100 956 1265 1042 conposui.
1296 957 1406 1041 quael
1444 1017 1447 1023 .

188 1056 247 1122 tibi
270 1056 399 1140 scripsi,
428 1055 565 1140 primum
587 1060 624 1120 ut
653 1059 685 1120 te
707 1077 774 1121 non
796 1055 867 1122 sine
890 1057 1034 1141 exemplo
1056 1079 1235 1142 monerem,
1264 1058 1379 1123 deinde

187 1161 222 1222 ut
244 1159 279 1222 in
302 1161 464 1243 posterum
486 1159 554 1242 ipse
572 1158 611 1222 ad
634 1157 768 1223 eandem
790 1158 1038 1244 temperantiam
1054 1160 1283 1246 adstringam,
1307 1182 1379 1225 cum

187 1282 237 1325 me
259 1260 321 1326 hac
343 1261 482 1345 epistula
503 1259 595 1345 quasi
616 1261 752 1346 pignore
774 1260 979 1345 obligassem.
1010 1261 1092 1326 vale.

156 1463 176 1502 ro
763 1429 808 1495 H.

555 1551 586 1605 C.
605 1552 754 1605 PLINIUS
772 1552 881 1604 IUSTO
900 1551 970 1604 SUO
989 1553 1016 1603 S.

192 1637 193 1641 Ἰ
271 1668 372 1745 Quem
395 1668 585 1733 admodum
609 1668 758 1754 congruit
778 1671 815 1732 ut
842 1669 936 1732 simul
959 1671 992 1733 et
1013 1668 1160 1733 adfirmes
1183 1672 1216 1734 te
1238 1669 1408 1734 adsiduisl

188 1771 452 1856 occupationibus
467 1771 615 1855 impediri
637 1773 670 1835 et
691 1771 813 1855 scripta
834 1773 944 1835 nostra
958 1770 1133 1853 desideres,
1158 1793 1240 1855 quae
1264 1771 1315 1835 vix
1339 1771 1379 1836 ab

159 1915 162 1921 ·
188 1875 298 1939 otiosis
320 1873 493 1958 impetrare
516 1873 637 1958 aliquid
652 1872 788 1957 perituri
809 1873 963 1957 temporis
984 1872 1143 1957 possunt?
1173 1873 1280 1957 patiar
1302 1873 1409 1959 ergo?

159 1997 177 2037 a
189 1979 344 2042 aestatem
380 1975 557 2059 inquietam
584 1975 674 2039 vobis
704 1975 937 2059 exercitamque
969 1978 1189 2040 transcurrere
1216 1978 1249 2040 et
1275 1975 1380 2041 hieme

189 2080 330 2162 demum,
356 2100 427 2142 cum
443 2076 594 2142 credibile
609 2077 671 2141 erit
685 2077 834 2142 noctibus
849 2077 964 2142 saltem
978 2098 1093 2142 vacare
1108 2081 1140 2142 te
1155 2099 1259 2162 posse,
1282 2100 1378 2163 quae-

153 2198 159 2213 *
188 2203 271 2264 ram,
308 2180 384 2264 quid
411 2178 614 2263 potissimum
642 2200 680 2243 ex
706 2178 803 2264 nugis
838 2179 917 2244 meis
944 2179 1006 2244 tibi
1033 2179 1211 2245 exhibeam.
1247 2180 1408 2245 interim3

189 2281 314 2347 abunde
329 2284 395 2364 est,
420 2281 447 2345 si
470 2280 626 2366 epistulae
647 2302 714 2346 non
728 2283 805 2345 sunt
825 2281 993 2365 molestae3
1016 2284 1231 2367 sumentem,
1253 2285 1287 2348 et
1307 2282 1379 2347 ideo

189 2385 349 2451 breviores
372 2386 476 2473 erunt.
507 2383 588 2448 vale.

157 2582 178 2624 a
752 2551 812 2617 III.

509 2674 540 2728 O.
558 2674 705 2727 PLINIUS
724 2674 928 2727 PRAESENTI
945 2673 1017 2726 SUO
1035 2675 1063 2726 S.

270 2794 419 2859 Tantane
441 2791 680 2876 perseverantia
701 2794 737 2856 tu
759 2792 853 2856 modo
875 2791 910 2855 in
932 2790 1086 2876 Lucania,
1112 2791 1207 2855 modo
1228 2791 1263 2856 in
1286 2789 1406 2856 (lam-l

186 2895 307 2982 pania?
337 2896 417 2980 ‘ipse
434 2896 531 2960 enim'
547 2894 654 2979 inquis
671 2893 846 2977 ‘Lucanus
870 2914 951 2958 uxor
965 2893 1154 2978 Campana'.
1180 2894 1267 2959 iusta
1282 2914 1378 2958 causa

186 2998 341 3084 longioris
363 2996 545 3080 absentiae,
569 3017 636 3061 non
657 2998 831 3080 perpetuae
853 2998 974 3061 tamen.
1005 2995 1083 3081 quin
1105 3017 1183 3081 ergo
1205 2995 1408 3080 aliquando2

153 3103 220 3167 ain
247 3101 360 3165 urbem
387 3098 496 3164 redis?
530 3099 586 3163 ubi
614 3099 756 3184 dignitas
783 3098 887 3163 honor
914 3097 1075 3163 amicitiae
1102 3102 1171 3163 tam
1199 3099 1378 3184 superiores

186 3225 283 3290 quam
297 3202 448 3267 minores.
474 3223 636 3287 quousque
651 3199 826 3286 regnabis?
848 3221 1010 3285 quousque
1025 3199 1175 3285 vigilabis
1192 3223 1264 3265 cum
1279 3201 1376 3285 voles,

185 3305 323 3371 dormies
338 3325 435 3388 qnam
457 3305 512 3371 diu
526 3302 636 3370 voles?
664 3324 826 3387 quousque
843 3301 941 3366 calcei
956 3324 1131 3386 nusquam,
1154 3305 1232 3388 toga
1246 3302 1375 3386 feriata,

185 3407 268 3472 liber
289 3409 375 3471 totus
397 3405 488 3472 dias?
522 3409 649 3490 tempus
676 3407 725 3469 est
752 3407 783 3469 te
805 3405 942 3469 revisere
970 3404 1132 3470 molestias
1160 3409 1288 3469 nostras
1324 3406 1405 3470 vel3

184 3510 227 3575 ob
248 3508 310 3574 hoc
331 3508 450 3592 solum,
474 3529 514 3573 ne
536 3508 717 3591 voluptates
744 3506 824 3571 istae
847 3506 996 3572 satietate
1018 3507 1241 3593 languescant.
1273 3507 1377 3572 saluta

255 3804 268 3850 1
287 3800 458 3851 uincensimo
475 3801 502 3849 Η
581 3801 597 3849 ‘2
615 3797 722 3851 medico
740 3803 918 3865 repetentep
987 3798 1102 3864 requisii
1120 3814 1136 3848 a
1153 3798 1287 3864 inquisiui
1305 3801 1327 3848 Β

183 3876 200 3923 3
218 3866 327 3937 aliqua]
348 3868 406 3919 alia
422 3870 466 3930 op
552 3869 567 3918 ὅ
584 3866 740 3933 leniterque
758 3881 815 3933 pra
837 3867 993 3933 leniterque
1011 3869 1033 3915 Β
1051 3866 1206 3932 leuiterque
1224 3871 1251 3916 Π
1337 3869 1378 3919 di·

170 3939 271 4002 missa
289 3936 485 3988 abstinentiam
503 3936 530 3984 K
597 3936 731 4002 aipein
811 3951 872 3985 cum
890 3952 933 3986 me
951 3953 998 3987 om.
1017 3937 1079 3996 npr
1146 3935 1377 4000 9obligauissem

227 4022 276 4058 om.
293 4008 337 4068 Dp

183 4023 209 4071 ι’
254 4072 282 4123 ΙΙ
300 4075 330 4124 11
350 4073 440 4124 Fabio
456 4072 572 4126 Inatos
658 4073 689 4121 lt
708 4067 801 4137 simul]
823 4071 892 4122 simu
909 4073 936 4121 Π
1017 4070 1210 4121 affirmaresll
1281 4073 1338 4122 13¹
1330 4088 1377 4121 rm·

182 4141 282 4209 pedire
299 4146 330 4193 ut
346 4141 488 4206 scriptuli
558 4141 590 4189 14
608 4138 719 4203 aliquod
736 4141 779 4200 ΒΡ
831 4140 983 4204 petiturill
1052 4143 1167 4204 possunt
1184 4155 1231 4189 om.
1249 4141 1292 4200 Dp
1346 4143 1377 4190 15

181 4210 265 4261 nobis
283 4221 322 4265 §a
390 4209 658 4271 exercitatumquer
726 4207 843 4259 hiemem
860 4209 902 4270 Dp
972 4210 1004 4258 16
1023 4208 1156 4272 possesD
1228 4208 1258 4257 17
1277 4223 1311 4257 ex
1329 4222 1376 4257 uu·

180 4280 228 4342 gis
248 4277 273 4328 si
291 4277 394 4328 meisll
498 4274 530 4326 18
547 4291 602 4326 non
625 4279 688 4325 sunt
705 4275 758 4326 tibi
776 4274 911 4327 molestae
929 4288 965 4331 ις
1049 4270 1125 4340 ideo]
1144 4273 1192 4325 uel
1208 4288 1274 4336 eop
1345 4278 1376 4327 19

182 4349 267 4398 erunt
284 4361 331 4395 om.
350 4356 387 4399 ις

253 4413 346 4463 11121
365 4411 529 4464 crescentio
547 4411 693 4462 Praesenti
711 4424 728 4468 ς
812 4415 845 4464 23
864 4408 1020 4478 Campana]
1039 4410 1190 4477 Campania
1207 4406 1260 4473 pr*
1341 4413 1375 4462 26

181 4495 328 4549 quousque
346 4480 476 4546 regnabis
494 4480 521 4528 lt
540 4494 683 4546 quousque
700 4496 788 4547 regna
805 4482 897 4545 uisa,
915 4497 962 4533 om.
982 4482 1044 4544 Dpr
1121 4474 1195 4545 cum]
1215 4479 1310 4529 dumr
1354 4526 1356 4537 ,

178 4552 215 4607 28
233 4554 310 4601 totos
327 4549 387 4601 dies
404 4564 422 4597 a
490 4553 619 4601 tauma
