3024 5062
450 276 695 326 emeramnus
719 279 751 326 v.
775 276 799 324 e.
823 271 931 340 (a1oa.
955 274 1014 341 ios)
1271 268 1331 332 133

139 430 222 515 quod
244 452 343 515 prope
365 430 432 495 sola
453 430 588 495 historia
609 431 753 515 polliceri
775 433 910 497 videtur.
941 435 1079 499 orationi
1101 437 1187 500 enim
1210 439 1241 501 et
1265 439 1361 502 oar-4

138 531 218 596 mini
241 554 340 616 parva
362 532 484 618 gratia,
514 532 577 596 nisi
600 533 781 616 eloquentia
809 537 859 598 est
880 557 1019 619 summa,
1052 535 1185 601 historia
1207 560 1331 623 quoquo

138 635 231 698 modo
263 634 385 718 scripta
417 633 566 698 delectat.
611 638 687 698 sunt
716 636 802 699 enim
833 636 978 701 homines
1011 641 1128 702 natura
1161 640 1277 703 curiosi
1299 644 1333 704 et

137 735 315 820 quamlibet
336 735 423 800 nuda
444 757 551 799 rerum
568 737 752 820 cognitione
775 738 961 822 capiuntur,
984 742 1021 803 ut
1043 740 1097 824 qui
1120 741 1330 805 sermunculis

110 838 233 901 setiam
255 836 446 922 fabellisque
473 837 641 902 ducantur.
686 861 737 903 me
765 860 839 903 vero
870 841 910 903 ad
937 840 997 904 hoo
1026 841 1166 905 studium
1193 842 1331 925 impellit

136 939 345 1003 domesticum
375 961 500 1024 quoque
533 940 728 1024 exemplum:
766 943 940 1005 avunculus
973 962 1063 1005 meus
1098 943 1243 1027 idemque
1270 947 1356 1027 perh

136 1040 342 1124 adoptionem
363 1043 456 1125 pater
477 1041 628 1105 historias
651 1044 683 1106 et
705 1042 832 1126 quidem
853 1043 1092 1127 religiosissime
1115 1045 1252 1127 scripsit.
1282 1045 1330 1108 in·

134 1142 231 1206 venio
251 1146 361 1207 autem
383 1143 468 1226 apud
490 1142 653 1225 sapientes
680 1143 940 1208 honestissimum
968 1166 1036 1209 esse
1057 1146 1213 1223 maiorum
1236 1147 1330 1210 vesti-

135 1244 189 1328 gia
211 1244 316 1328 sequi,
340 1249 366 1308 si
387 1245 481 1309 modo
496 1248 583 1308 recto
598 1245 713 1310 itincre
728 1246 971 1328 praecesserint.
1010 1269 1065 1310 cur
1081 1268 1157 1331 ergo
1173 1248 1358 1315 cunctor?6

96 1371 121 1410 ιο
135 1345 187 1430 egi
208 1367 346 1431 magnas
369 1350 402 1411 et
423 1367 538 1432 graves
561 1368 691 1412 causas:
734 1348 811 1431 has,
842 1348 968 1412 etiamsi
989 1348 1069 1412 mihi
1096 1350 1203 1413 tenuis
1231 1372 1268 1413 ex
1289 1351 1329 1413 iis

135 1469 223 1531 spes,
253 1448 379 1512 destino
401 1450 592 1532 retractare,
626 1471 668 1514 ne
699 1452 811 1514 tantus
840 1450 895 1514 ille
923 1450 1014 1515 labor
1042 1472 1131 1514 meus
1137 1501 1146 1533 ,
1178 1451 1242 1514 nisi
1269 1450 1329 1514 hoe

135 1549 218 1633 quod
245 1549 402 1633 reliquum
437 1553 486 1614 est
513 1550 611 1614 studii
639 1550 808 1634 addidero,
841 1572 965 1615 mecum
998 1553 1118 1635 pariter
1146 1551 1327 1616 intercidat.

134 1672 210 1714 nam
238 1651 264 1714 si
294 1651 465 1715 rationem¹
480 1652 679 1735 posteritatis
712 1653 847 1735 habeas,
882 1653 1035 1735 quidquid
1068 1675 1133 1716 non
1163 1657 1212 1718 est
1238 1658 1357 1737 pera-7

135 1755 237 1835 ctum,
264 1773 411 1836 pronon
437 1752 589 1816 inchoato
612 1755 670 1816 est.
715 1752 801 1817 dices
836 1756 945 1837 ‘potes
973 1754 1067 1818 simul
1095 1759 1128 1818 et
1154 1756 1328 1819 rescribere

97 1879 121 1920 15
135 1855 276 1918 actiones
300 1857 332 1918 et
354 1875 543 1937 componere
577 1854 767 1918 historiam?
804 1855 946 1919 utinam!
982 1855 1037 1919 sed
1070 1859 1238 1941 utrumque
1260 1859 1329 1921 tam

133 1977 288 2041 magnum
316 1959 380 2039 est,
409 1959 446 2020 ut
479 1957 605 2021 abunde
633 1957 676 2021 sit
703 1956 839 2021 alterum
867 1957 1003 2022 efficere.
1048 1958 1356 2028 unodevicensimo8

134 2058 249 2122 aetatis
272 2079 357 2122 anno
384 2056 489 2122 dicere
518 2060 552 2123 in
580 2058 651 2123 foro
680 2060 786 2144 coepi,
816 2062 848 2124 et
870 2082 957 2123 nunc
979 2060 1106 2124 demum
1134 2059 1209 2144 quid
1236 2081 1327 2143 prae-

133 2163 218 2224 stare
234 2159 350 2224 debeat
365 2163 487 2241 orator,
511 2159 615 2224 adhuc
636 2163 745 2224 tamen
769 2183 826 2244 per
849 2161 1019 2246 caliginem
1049 2162 1150 2225 video.
1196 2160 1282 2244 quid,
1299 2160 1355 2231 si9

131 2260 205 2326 huic
220 2259 311 2325 oneri
325 2282 443 2325 novum
458 2261 653 2326 accesserit?
667 2262 766 2326 habet
780 2264 908 2347 quidem
920 2263 1021 2327 oratio
1036 2266 1068 2326 et
1079 2263 1214 2326 historia
1225 2263 1326 2326 multa

91 2387 118 2427 ao
131 2364 327 2447 communia,
352 2363 407 2427 sed
422 2363 515 2447 plura
531 2364 655 2428 diversa
676 2364 712 2427 in
733 2364 784 2428 his
807 2365 886 2449 ipsis
908 2386 989 2448 quae
1012 2364 1194 2428 communia
1216 2363 1324 2427 viden·

130 2467 193 2530 tur.
232 2467 344 2529 narrat
365 2464 439 2548 illa,
464 2468 577 2529 narrat
598 2465 694 2549 haec,
719 2466 774 2530 sed
798 2466 906 2530 aliter:
930 2466 1003 2530 huic
1018 2466 1169 2550 pleraque
1191 2464 1325 2529 humilia

131 2569 163 2630 et
191 2566 318 2630 sordida
346 2569 378 2630 et
406 2589 444 2630 ex
472 2568 575 2632 medio
602 2562 721 2651 petita,
752 2568 801 2632 illi
829 2568 937 2632 omnia
965 2568 1129 2632 recondita
1157 2566 1325 2650 splendida

49 2720 52 2729 .
130 2667 255 2732 excelsa
278 2669 488 2733 conveniunt:
522 2669 605 2734 hanc
627 2671 753 2754 saepius
776 2693 848 2734 ossa
869 2671 1004 2734 musculi
1026 2670 1127 2752 nervi,
1151 2668 1240 2732 illam
1261 2669 1324 2732 tori
1337 2676 1375 2738 10

130 2769 257 2854 quidam
280 2773 312 2833 et
333 2772 424 2854 quasi
445 2771 539 2835 iubae
562 2772 690 2836 decent:
723 2772 803 2836 haee
825 2774 875 2836 vel
897 2772 1035 2835 maxime
1056 2773 1087 2835 vi
1111 2770 1324 2834 amaritudine

88 2899 116 2940 aa
129 2871 303 2952 instantia,
332 2870 389 2935 illa
411 2875 518 2937 tractu
539 2875 572 2937 et
594 2875 751 2937 suavitate
774 2876 869 2957 atqm
892 2874 989 2939 etiam
1011 2873 1178 2937 dulcedine
1200 2873 1322 2956 placet:

128 2976 290 3056 postremo
313 2973 376 3036 alia
398 2974 509 3058 verba,
540 2974 622 3038 alius
644 2996 756 3059 sonus,
785 2976 850 3040 alia
878 2975 1082 3041 constructio.
1127 2995 1203 3037 nam
1224 2972 1322 3057 pluri-
1335 2982 1370 3043 ll

129 3097 216 3138 mum
237 3074 352 3158 refert,
376 3078 412 3141 ut
433 3075 633 3161 Thucydides
655 3078 716 3161 ait,
740 3083 841 3160 κτῆμα
863 3078 906 3143 sit
927 3101 969 3144 an
990 3079 1166 3161 ἁγώνιεμα;
1189 3098 1322 3160 quorum

198 3401 377 3468 lpollicepri
394 3404 421 3450 H
508 3403 579 3453 enim
597 3419 643 3454 om.
661 3416 697 3458 τς
774 3405 888 3454 carmini
907 3408 949 3455 est
967 3420 1053 3469 parua
1071 3418 1088 3452 a
1163 3402 1324 3467 4qualibet

128 3484 163 3533 pr
247 3474 278 3519 ut
296 3470 453 3536 quinpea
470 3475 555 3534 utque
573 3473 615 3518 Dr
700 3471 865 3522 cadoni
950 3473 1238 3537 6quoqueom.1lpr
1305 3474 1320 3522 ‘1

129 3537 344 3603 adeptionemll
412 3539 526 3589 scribsit
543 3541 570 3587 H
638 3539 809 3604 Scapientis
827 3542 894 3603 lipr
978 3543 1062 3591 9cur
1079 3555 1144 3605 ergo
1163 3543 1277 3589 cunctor
1293 3540 1321 3586 1

100 3666 105 3676 ι
129 3608 174 3656 eui
193 3620 259 3671 ergo
277 3610 391 3657 cunctor
408 3619 424 3655 a
442 3622 490 3656 cur
509 3609 581 3656 enim
600 3611 753 3658 cunctorD
774 3623 822 3657 cur
844 3610 916 3658 enim
935 3624 995 3659 eum
1019 3612 1060 3658 tot
1076 3620 1111 3669 pr
1129 3607 1239 3657 interim
1260 3622 1320 3656 cum

128 3679 204 3728 tots
273 3676 305 3724 10
323 3689 357 3724 ex
376 3675 499 3725 eisaex
518 3675 561 3725 his
578 3676 684 3737 Inpr-
740 3678 771 3726 12
789 3675 904 3742 pariter]
926 3682 1072 3742 paratusr
1149 3677 1180 3725 14
1199 3690 1247 3739 pro
1266 3690 1320 3724 non

127 3742 256 3792 inchoato
274 3746 317 3792 est
335 3743 407 3798 159.
424 3759 473 3807 pro
492 3758 546 3792 non
563 3738 722 3794 inchoatum
739 3745 803 3806 Dpr
917 3747 948 3794 16
967 3743 1211 3794 unodeuicensimo
1228 3743 1256 3789 1
1275 3758 1320 3791 nn-

127 3809 296 3860 deuicesimo
313 3812 395 3873 Dpra
464 3813 495 3861 17
514 3811 606 3875 coepit
624 3828 696 3862 nune
713 3815 742 3859 Π
811 3811 927 3879 demum]
946 3813 1092 3877 deniquer
1162 3808 1237 3875 quid]
1260 3811 1317 3874 qui-

126 3877 185 3926 dem
203 3892 217 3925 r
303 3880 335 3929 19
352 3879 438 3929 habet
454 3881 537 3941 Dpra
554 3879 658 3930 habere
676 3882 703 3928 Μ
725 3880 829 3946 habent
848 3893 864 3935 ς
951 3883 983 3931 20
1002 3881 1154 3931 communia
1172 3879 1220 3929 sed
1238 3878 1320 3942 plura

126 3958 183 4000 rsa
201 3948 356 3996 eommunia
373 3951 437 3996 sunt
454 3947 501 3997 sed
520 3947 638 4011 plural)
665 3949 818 3998 eommunis
844 3954 908 3999 sunt
939 3949 1017 4013 plura
1035 3962 1064 4011 p:
1093 3946 1248 3997 eommunia
1270 3947 1319 3995 sed

126 4014 208 4078 plura
226 4013 337 4064 diversa
355 4015 384 4064 in
401 4013 444 4064 his
461 4016 529 4080 ipsis
549 4031 618 4078 quea
636 4032 682 4065 om.
701 4017 728 4065 Μ
825 4030 894 4079 quae
917 4017 1068 4067 communis
1084 4017 1106 4063 1)
1192 4016 1223 4062 21
1242 4010 1317 4079 huic]

125 4082 224 4144 hincp
310 4082 427 4132 humilat
446 4082 555 4133 sordida
573 4085 600 4130 H
697 4087 729 4134 23
747 4081 813 4150 tori]
833 4087 914 4134 tori)
1011 4086 1044 4133 24
1067 4084 1131 4132 iube
1148 4083 1215 4135 xrs
1234 4081 1318 4130 tubae

125 4151 192 4212 Dpa
260 4149 334 4199 uiin
354 4150 573 4200 amaritudines
657 4153 842 4215 ssadquetr
921 4153 1077 4217 placenti!
1145 4151 1178 4199 27
1196 4154 1227 4197 ut
1244 4149 1317 4198 Thu-

126 4267 241 4332 cydides
268 4268 309 4318 ait
330 4269 423 4333 κτῆμα
450 4269 485 4318 sit
512 4285 547 4319 au
573 4267 717 4333 ἀγώνιεμα
734 4285 751 4319 a
777 4225 977 4335 utthucydides
1005 4271 1042 4320 rei
1060 4269 1089 4318 hi
1107 4248 1152 4318 hin
1170 4231 1245 4320 misit
1263 4284 1318 4318 ana

124 4333 266 4390 ΤωΝΙΕΜ
284 4344 310 4407 et
327 4339 353 4387 in
370 4352 448 4401 marp.
468 4334 492 4386 c’
512 4337 675 4401 thucydides
693 4340 721 4386 1
741 4343 774 4387 ut
795 4339 935 4389 hucidides
953 4339 1017 4387 item
1037 4341 1174 4402 asyutana
1192 4337 1319 4402 gonisma

123 4407 196 4454 out
213 4404 379 4470 thucydides
397 4406 438 4455 ait
455 4408 521 4454 item
540 4407 633 4455 asinta
653 4410 817 4470 nagonisma
834 4423 850 4469 p
872 4413 903 4457 ut
921 4405 1087 4456 Thuoidides
1113 4406 1153 4455 ait
1171 4406 1236 4455 item
1256 4405 1318 4454 Sint

52 4472 55 4479 ¹
124 4472 577 4607 italidattllltttl
592 4473 1155 4609 titillattillitttf'ttl
1173 4475 1270 4526 Lm
1287 4478 1318 4523 ¹²³
