3024 5062
401 297 645 345 nersrunlauu
667 299 715 345 vr.
741 295 893 344 12.13.14.
916 295 955 343 15.
978 292 1013 358 (a.
1030 295 1086 344 roa.
1103 293 1162 357 107)
1318 267 1400 349 157‘

186 450 355 516 mirificus:
377 472 452 515 nam
474 449 522 515 illi
544 471 668 536 quoque
690 452 744 535 qui
772 452 861 536 prius
888 456 1051 537 negarant
1072 452 1200 517 Vareno
1223 475 1303 536 quae
1325 475 1378 536 pe-

187 552 277 616 tebat
299 552 411 616 cadem
433 551 553 636 danda,
576 556 746 638 postquam
769 557 862 618 erant
884 554 974 636 data,
998 556 1206 618 censuerunt:
1235 555 1410 640 singulos4

188 653 272 717 enirn
293 655 479 738 integrare
501 653 670 718 dissentire
697 654 747 718 fas
770 676 854 737 esse,
883 657 1014 738 peracta
1042 656 1124 739 quod
1147 655 1290 739 pluribus
1313 656 1379 741 pla-

188 755 306 819 cuisset
343 755 468 819 cunctis
503 755 668 820 tuendum.
724 756 848 820 Acilius
880 758 1007 820 tantum
1029 754 1134 820 Rufus
1170 761 1203 821 et
1235 780 1307 822 cum
1343 759 1409 824 e05

165 859 311 940 sseptem
333 878 377 920 an
404 859 491 940 octe,
521 860 644 940 septem
672 858 785 944 imme,
813 858 848 922 in
875 858 981 942 priore
1010 860 1172 922 sententia
1199 880 1379 942 persevera-

187 961 273 1022 runt.
319 960 414 1022 erant
434 958 469 1022 in
491 957 553 1023 hac
574 960 737 1042 paucitate
751 981 818 1024 non
841 960 921 1024 nulli
943 981 1076 1045 quorum
1092 961 1285 1044 temporaria
1307 983 1380 1045 gra-

188 1058 269 1123 vitas
291 1058 343 1123 rel
364 1059 471 1142 potius
492 1060 664 1144 gravitatis
685 1061 823 1126 imitatio
841 1061 1015 1127 ridebatur.
1047 1064 1213 1126 tutamen
1237 1063 1409 1147 aestimat

188 1163 343 1244 quantum
375 1181 434 1224 nos
461 1161 496 1225 in
527 1162 597 1245 ipsa
628 1183 740 1247 pugna
775 1163 958 1228 certaminis
987 1167 1133 1247 maneat,
1168 1164 1257 1228 cuius
1289 1165 1380 1248 quasi

188 1261 348 1345 praelusio
371 1265 467 1346 atque
489 1264 672 1347 praecursio
694 1263 753 1328 has
778 1265 999 1329 contentiones
1023 1265 1181 1329 excitavit.
1214 1264 1294 1329 vale.

158 1466 178 1505 ιο
704 1431 811 1500 XIIII.

530 1554 560 1609 C.
577 1555 724 1607 PLINIUS
742 1555 908 1611 MAURICO
928 1556 997 1607 SUO
1016 1557 1042 1608 S.

274 1669 436 1736 Sollicitas
457 1693 509 1735 me
530 1671 566 1735 in
580 1671 797 1736 Formianum.
827 1674 955 1738 veniam
971 1694 1008 1737 ea
1032 1672 1227 1757 condicione,
1249 1695 1291 1738 ne
1306 1673 1409 1756 quidl

191 1773 302 1835 contra
324 1773 523 1837 commodum
545 1775 635 1838 tuum
656 1774 773 1859 facias3
801 1797 863 1859 qua
890 1775 1039 1858 pactione
1061 1775 1199 1840 invicem
1225 1775 1305 1838 mihi
1333 1796 1382 1838 ca-

192 1894 258 1937 veo.
296 1876 509 1958 nequeenim
531 1897 620 1940 mare
641 1880 675 1941 et
703 1875 795 1961 litus,
824 1877 879 1941 sed
905 1881 955 1961 te,
985 1877 1102 1951 otium,
1130 1877 1314 1941 libertatem
1335 1897 1382 1940 se-

158 1995 284 2058 squor:
308 1973 426 2060 alioqui
448 1977 549 2041 satius
572 1977 677 2042 estin
698 1978 777 2042 urbe
798 1999 974 2043 remanere.
1018 1981 1145 2062 oportet
1167 1978 1253 2042 enim
1275 1977 1412 2046 omnia?

191 2079 247 2140 aut
271 2075 315 2140 ad
336 2076 477 2141 alienum
490 2079 658 2143 arbitrium
672 2083 728 2144 aut
742 2080 782 2143 ad
800 2101 892 2144 suum
904 2079 1029 2144 facere:
1052 2080 1114 2144 mei
1128 2083 1214 2144 certe
1226 2077 1382 2143 stomachi

190 2177 271 2243 haec
292 2181 410 2243 natura
433 2183 497 2264 est,
521 2183 557 2245 ut
579 2181 661 2245 nihil
683 2181 746 2245 nisi
769 2184 873 2245 toturn
894 2185 928 2246 ct
948 2203 1072 2255 merum
1093 2181 1181 2246 velit.
1218 2181 1297 2246 vale.

753 2351 825 2417 XV.

490 2489 494 2495 ·
535 2472 906 2526 c.1>s1n1usaosrsnc
925 2473 1041 2525 suos.

157 2617 179 2656 20
276 2586 433 2652 Mirificae
455 2589 502 2652 rei
524 2610 590 2653 non
604 2591 796 2655 interfuisti:
819 2612 860 2654 ne
882 2611 942 2675 ego
957 2590 1100 2674 quidem3
1123 2589 1178 2653 sed
1199 2609 1250 2652 me
1272 2596 1412 2658 recensl

189 2688 302 2753 fabula
329 2690 465 2774 excepit.
516 2695 696 2756 Passennus
723 2691 858 2773 Paulus,
889 2690 1073 2775 splendidus
1103 2712 1197 2775 eques
1219 2689 1384 2754 Romanus

190 2794 224 2855 ct
245 2790 281 2855 in
303 2791 416 2875 primis
444 2793 587 2857 eruditus
593 2843 603 2876 ,
631 2794 744 2859 scribit
772 2794 890 2879 elegos.
925 2793 1138 2878 gentilicium,
1152 2793 1213 2860 hoc
1234 2792 1298 2856 illi:
1336 2795 1386 2855 est
1416 2880 1419 2885 γ

191 2892 279 2957 enim
301 2894 469 2977 municeps
491 2894 639 2978 Properti
661 2899 756 2981 atque
779 2897 877 2960 ctiam
898 2896 984 2960 inter
1005 2896 1142 2960 maiores
1164 2916 1237 2959 suos
1252 2893 1385 2977 Proper-

190 2995 273 3058 tium
309 2999 468 3061 numerat.
512 2999 541 3061 is
578 3019 650 3062 cum
681 2999 848 3082 recitaret,
886 2999 933 3062 ita
965 2998 1069 3081 coepit
1091 2998 1195 3062 dicere
1201 3047 1210 3081 ,
1247 2996 1416 3079 ‘Prisce‚2
1447 2991 1448 2995 ¹

154 3095 313 3168 stubes'.
357 3096 398 3160 ad
419 3096 481 3161 hoc
501 3097 670 3163 Iavolenus
693 3099 821 3165 Priscus
850 3100 976 3187 (aderat
997 3099 1100 3184 enirn,
1128 3102 1165 3163 ut
1186 3098 1287 3163 Paulo
1310 3097 1387 3162 ami-

191 3289 397 3297 ψ-

262 3409 610 3474 lquoque]quaeque11e
683 3415 816 3475 negarent
834 3413 887 3473 pr*
978 3408 1086 3475 tense]
1108 3414 1181 3460 estr
1248 3411 1388 3458 4tautum

191 3476 271 3527 rufus
288 3477 356 3525 lira
381 3483 488 3527 tantum
506 3493 586 3528 rusus
602 3481 624 3527 1)
644 3482 737 3529 tamen
763 3493 856 3528 rursus
873 3491 890 3540 p
913 3482 1017 3528 tantum
1040 3493 1133 3528 rursus
1151 3489 1168 3532 ς
1270 3478 1286 3526 5
1304 3477 1389 3542 priori

191 3546 256 3607 Dpr
324 3561 504 3609 perseuerare
521 3547 565 3610 Dp
633 3548 812 3598 terentem.
829 3547 891 3608 Bpr
959 3547 1128 3611 temporaria
1145 3547 1239 3608 lipsa
1256 3549 1388 3610 tempora·

192 3613 234 3662 lia
250 3613 273 3660 D
292 3613 451 3679 temporalis
466 3627 482 3662 r
533 3615 549 3664 8
568 3619 700 3679 quantum
718 3629 768 3664 nos
786 3617 815 3663 in
833 3617 894 3679 ipsa
911 3629 1004 3680 pugna
1021 3614 1177 3664 certaminis
1196 3618 1308 3662 maneat
1324 3613 1389 3674 upa

193 3688 326 3745 quantum
344 3681 477 3747 proelium
497 3687 601 3746 quanta
618 3697 711 3748 pugna
728 3683 873 3732 certamini
890 3688 1001 3732 maneat
1018 3684 1045 3730 n
1065 3686 1194 3748 quantum
1213 3696 1262 3730 nos
1280 3682 1308 3730 in
1326 3683 1388 3744 ipsa

192 3762 288 3814 pugna
305 3749 385 3813 prelii
405 3754 433 3799 et
450 3750 607 3800 certaminis
625 3756 739 3802 maneat
755 3763 791 3804 ις
859 3752 875 3800 9
894 3750 981 3815 adque
997 3752 1025 3798 lt
1093 3745 1156 3815 has]
1176 3749 1228 3798 hac
1246 3762 1260 3796 r

262 3815 346 3866 XIIII
364 3820 394 3867 11
409 3817 549 3882 Inscriptio
567 3822 691 3883 epistulae
709 3824 801 3870 omaso
819 3825 858 3868 est
874 3820 901 3868 ia
917 3832 933 3880 11
1020 3820 1052 3867 12
1071 3832 1104 3866 ea
1123 3817 1280 3867 conditione
1298 3817 1390 3869 Ursa
1412 3854 1416 3860 .

193 3899 229 3934 ex
248 3884 405 3936 conditione
422 3887 466 3948 Dp
552 3888 584 3938 13
602 3887 713 3953 pectine
731 3889 752 3936 n
770 3887 931 3952 peractione
949 3900 965 3948 11
1036 3887 1068 3934 14
1086 3885 1135 3935 sed
1159 3890 1186 3935 te
1205 3885 1289 3935 otium
1307 3883 1389 3933 liber·

195 3956 283 4002 tatem
300 3953 351 4001 lta
376 3952 425 4003 sed
451 3958 479 4003 te
503 3954 588 4004 otium
608 3959 636 4004 et
658 3955 812 4004 libertatem
831 3954 893 4009 Βτς
920 3955 966 4003 sed
992 3955 1077 4004 otium
1096 3958 1124 4003 et
1140 3952 1298 4002 libertatem
1315 3966 1332 4014 p
1350 3951 1390 4000 Si-

193 4020 307 4070 ellardus
324 4028 350 4070 et
368 4020 546 4072 ‘membranae’
565 4023 651 4073 Medii
667 4029 768 4074 novant.
786 4026 844 4075 tect.
857 4024 890 4073 51
910 4023 982 4072 Grut.
1001 4025 1076 4086 iosap.
1100 4023 1126 4071 V
1139 4039 1167 4085 p.
1186 4023 1239 4071 136

263 4087 314 4136 XV
333 4091 365 4140 19
383 4089 535 4141 ROMANO
553 4092 648 4140 Ultra
672 4090 795 4142 Voconio
814 4091 937 4141 Romano
955 4102 984 4145 ςε
1000 4091 1133 4154 inscriptio
1157 4090 1280 4154 epistulae
1298 4089 1391 4138 ortissu

195 4163 236 4207 est
253 4158 313 4218 inp
383 4160 416 4207 20
433 4154 485 4222 rei]
507 4160 575 4207 rell
626 4175 682 4210 non
698 4158 850 4209 interfuisti
867 4175 901 4208 ne
920 4175 971 4224 ego
991 4159 1100 4224 quidem
1118 4159 1166 4206 Ita
1183 4156 1390 4207 interfuistine?

196 4225 515 4358 secuturis..
528 4226 581 4344 tt
594 4241 755 4351 titiis}
768 4225 1059 4345 imbibitis&
1070 4224 1391 4358 tztptt‘stbtt:

195 4362 297 4413 saects.
317 4362 376 4414 Ges.
395 4363 419 4412 d.
443 4361 522 4413 Wiss.
539 4363 559 4412 Ι
575 4361 612 4427 (a.
632 4364 711 4427 1849)
727 4380 755 4428 p.
775 4366 829 4414 2⁶3
848 4363 1013 4428 pescennius
1030 4363 1051 4410 n
1070 4363 1217 4426 passenius
1235 4362 1305 4423 lips
1322 4360 1392 4410 Pas-

196 4429 292 4480 sienus
308 4442 346 4483 τς
426 4432 458 4480 22
477 4431 570 4495 elegos
589 4431 748 4482 centilicum
764 4433 787 4480 D
806 4432 879 4496 eligo
898 4430 1107 4492 scentilicump
1204 4432 1236 4480 23
1255 4428 1393 4493 Propertii

195 4511 257 4553 rsa
344 4498 476 4562 adquelt
563 4497 693 4565 maiores]
713 4500 843 4551 marcell
929 4502 962 4549 24
980 4501 1005 4548 is
1027 4500 1113 4548 ontll
1198 4499 1232 4548 25
1250 4496 1392 4548 iauoleuus

195 4571 263 4633 Ilpa
280 4566 431 4618 Iabolenus
447 4580 484 4624 ις
501 4567 616 4619 uolenus
632 4569 661 4617 lt
