3024 5062
190 275 249 339 158
561 347 567 357 Ι
707 288 737 335 c.
761 288 857 335 emur

188 445 346 528 cissimus)
371 448 442 527 ‘ego
465 464 538 507 vero
560 464 626 506 non
648 443 765 506 iubeo'.
810 443 917 525 cogita
939 441 993 525 qui
1015 441 1098 504 risus
1120 440 1302 526 hominum,
1326 442 1383 526 qui

159 547 260 613 3ioci.
306 548 354 609 est
376 545 506 608 omnino
528 543 657 608 Priscus
686 544 799 607 dubiae
827 544 993 626 sanitatis,
1021 543 1159 606 interest
1179 546 1289 609 tamen
1311 544 1384 608 offi-

191 649 263 731 ciis,
288 646 458 710 adhibetur
474 646 615 709 consiliis
638 648 735 729 atque
751 645 848 709 etiarn
870 645 920 709 ius
944 644 1036 709 civile
1050 645 1179 728 publice
1193 647 1384 729 respondet:

158 756 251 833 4quo
272 748 378 833 magis
405 747 489 832 quod
516 752 595 812 tunc
622 747 701 810 fecit
728 750 761 810 et
790 746 961 810 ridiculum
990 749 1023 809 et
1049 746 1194 810 notabile
1221 747 1296 812 fuit.
1335 749 1385 812 in·

187 851 282 915 terim
304 850 404 914 Paulo
437 849 543 913 aliena
576 849 723 913 deliratio
757 849 958 932 aliquantum
990 847 1122 932 frigoris
1151 848 1271 912 attulit.
1314 852 1410 912 tama

188 947 324 1017 sollicite
346 951 528 1016 recitaturis
550 949 781 1034 providendum
804 952 933 1014 estnon
949 948 1052 1012 solum
1073 952 1111 1012 ut
1125 950 1193 1014 sint
1213 951 1276 1033 ipsi
1298 952 1381 1035 sani,

188 1076 296 1118 verum
319 1054 416 1117 etiam
437 1056 475 1116 ut
489 1074 591 1117 sanos
614 1051 799 1116 adhibeant.
835 1051 916 1116 vale.

740 1221 827 1286 XVI.

540 1344 570 1394 o.
590 1343 736 1394 Patruus
755 1342 890 1393 raerro
909 1341 978 1394 suo
997 1342 1025 1394 s.

161 1470 176 1530 1
272 1461 360 1524 Petis
382 1464 419 1523 ut
440 1460 500 1524 tibi
523 1460 674 1523 avunculi
695 1459 759 1522 mei
782 1459 902 1522 exitum
924 1458 1081 1542 scribam,
1104 1480 1166 1543 quo
1188 1461 1294 1524 verius
1316 1464 1380 1525 tra·
1395 1483 1419 1522 ιο

186 1563 260 1627 dere
282 1562 420 1646 posteris
442 1561 554 1644 possis.
599 1560 720 1645 gratias
743 1578 820 1644 ago:
842 1582 920 1624 narn
941 1560 1033 1625 video
1055 1561 1150 1624 morti
1173 1561 1256 1642 eius,
1282 1563 1310 1627 si
1333 1584 1381 1628 ce-

155 1665 328 1733 2lebretur
359 1686 378 1727 a
405 1667 453 1747 te,
483 1662 687 1727 inmortalem
714 1661 851 1746 gloriam
884 1683 953 1726 esse
983 1663 1192 1746 propositam.
1236 1665 1380 1749 quamvis

185 1767 271 1830 enim
293 1765 581 1850 pulcherrimarum
604 1764 694 1828 clade
716 1765 889 1847 terrarum,
913 1766 950 1827 ut
970 1764 1098 1848 populi,
1122 1769 1159 1829 ut
1180 1766 1381 1851 urbes‚'me·

184 1867 333 1932 morabili
366 1889 441 1931 casu
475 1866 567 1950 quasi
599 1887 724 1949 semper
755 1864 895 1929 victurus
929 1865 1099 1949 occiderit,
1133 1868 1278 1950 quamvis
1310 1868 1381 1952 ipse

184 1969 322 2053 plurima
343 1990 441 2053 opera
463 1971 496 2031 et
517 1989 668 2031 mansura
697 1967 889 2050 condiderit,
918 1967 1054 2031 multum
1080 1970 1191 2032 tamen
1217 1971 1380 2053 perpetui·
1393 1992 1417 2031 ra

155 2073 245 2142 3tati
274 2071 341 2134 eius
369 2071 561 2154 scriptorum
593 2073 721 2134 tuorum
750 2072 924 2134 aeternitas
953 2070 1055 2134 addet.
1093 2070 1239 2154 equidem
1266 2071 1378 2136 beatos

184 2176 262 2256 puto
277 2173 392 2257 quibus
414 2173 545 2236 deorum
567 2193 699 2236 munere
721 2172 832 2236 datum
855 2174 904 2236 est
925 2175 982 2235 aut
1002 2172 1109 2236 facere
1131 2172 1302 2238 scribenda
1324 2181 1381 2237 aut

183 2275 323 2339 scribere
345 2275 482 2358 legenda
488 2323 497 2357 ,
525 2273 726 2337 beatissimos
753 2295 827 2337 vero
849 2273 963 2358 quibus
984 2277 1163 2358 utrumque.
1208 2274 1323 2339 horum
1344 2279 1379 2340 in

183 2398 315 2440 numero
338 2375 512 2439 avunculus
535 2397 624 2439 meus
647 2379 679 2440 et
701 2377 766 2439 suis
789 2375 880 2439 libris
903 2379 936 2439 et
957 2376 1021 2440 tuis
1044 2376 1114 2440 erit.
1148 2398 1210 2461 quo
1225 2377 1378 2441 libentius

153 2479 337 2562 4suscipi0,
368 2478 503 2561 deposco
532 2478 629 2542 etiam
651 2477 735 2562 quod
755 2477 910 2562 iniungis.
949 2481 1019 2542 erat
1040 2477 1158 2542 Miseni
1181 2478 1378 2563 classemque
1390 2501 1414 2541 ao

183 2580 317 2664 imperio
345 2601 498 2663 praesens
531 2580 676 2665 regebat.
720 2601 841 2644 nonum
868 2578 941 2644 Kal.
971 2578 1175 2663 Septembres
1201 2579 1281 2644 hora
1310 2581 1378 2644 fere

184 2683 320 2766 septima
357 2685 460 2746 mater
492 2704 564 2747 mea
602 2682 725 2746 indicat
758 2683 788 2746 ei
821 2703 976 2765 apparere
1009 2683 1129 2747 nubem
1162 2683 1318 2746 inusitata
1345 2686 1378 2747 et

152 2783 407 2871 bmagnitudine
430 2788 462 2848 et
479 2785 599 2868 specie.
644 2807 720 2849 usus
742 2784 796 2848 ille
818 2784 900 2867 sole,
929 2806 1003 2848 mox
1024 2784 1159 2870 frigida,
1188 2787 1378 2869 gustaverat

182 2887 289 2949 iacens
305 2885 530 2971 studebatque:
553 2870 657 2970 poscit
672 2885 791 2969 soleas,
815 2887 960 2950 ascendit
973 2887 1079 2950 locum
1094 2909 1132 2950 ex
1154 2907 1216 2970 quo
1238 2887 1376 2951 maxime

182 2987 371 3051 miraculum
400 2988 479 3053 illud
509 2989 651 3072 conspici
672 2991 810 3072 poterat.
855 2988 972 3072 nubes,
1000 2989 1160 3053 incertum
1189 2989 1301 3072 procul
1327 2991 1409 3054 imas

129 3166 133 3173 Ι
181 3089 348 3153 tuentibus
371 3112 409 3153 ex
431 3112 493 3175 quo
516 3093 624 3154 monte
647 3088 834 3176 (Vesuvium
856 3089 955 3154 fuisse
977 3094 1090 3173 postea
1113 3091 1278 3176 cognitum
1301 3094 1373 3176 est),

183 3189 354 3274 oriebatur,
378 3193 465 3256 cuius
488 3192 730 3257 similitudinem
758 3196 791 3256 et
812 3192 951 3256 formam
978 3214 1045 3257 non
1067 3193 1132 3256 alia
1153 3194 1259 3278 magis
1282 3194 1375 3258 arbor

249 3536 330 3599 lqui
355 3535 412 3585 ioci
439 3540 481 3585 est
507 3536 617 3586 omnino
635 3538 689 3584 HD
716 3536 862 3586 Coronaeus
883 3551 900 3585 a
927 3536 1056 3600 quotiens
1079 3537 1224 3599 omninop
1252 3539 1300 3601 qui
1317 3537 1371 3588 ioci

181 3603 308 3667 quotiens
327 3604 436 3652 omnino
454 3615 490 3657 τς
575 3608 590 3654 3
610 3603 753 3654 adhibetur
769 3605 859 3658 Ursa
883 3603 1097 3655 adhibebiturD
1116 3604 1250 3654 adhibitis
1267 3620 1284 3668 p

181 3671 336 3722 conciliisr
405 3669 492 3735 adque
510 3673 538 3720 H
612 3673 675 3721 tet
694 3672 836 3721 ridiculum
856 3672 1011 3735 notabilep
1097 3672 1221 3722 baliano
1238 3671 1371 3724 deleratio

94 3796 97 3800 ⁴
179 3741 207 3786 H
276 3741 291 3788 t
309 3738 517 3789 adhibebantll

248 3807 313 3856 XVI
331 3809 346 3856 9
362 3806 500 3870 Inscriptio
513 3809 636 3872 epistulae
655 3813 746 3858 omisso
764 3815 802 3858 ert
819 3809 879 3870 inp
949 3811 981 3859 13
999 3813 1029 3857 ut
1046 3809 1122 3858 urbis
1140 3808 1306 3860 Carantonus

181 3875 211 3923 15
229 3874 348 3939 plurima
366 3889 450 3939 opera
469 3879 497 3924 et
514 3890 643 3925 mansura
660 3875 814 3926 condiderit
837 3876 950 3925 multum
968 3881 1060 3926 tamen
1078 3877 1127 3925 Ha
1144 3876 1263 3941 plurima
1281 3883 1369 3926 tamen

179 3944 221 4003 Bp
240 3941 358 4007 plurima
376 3942 516 4007 scripserit
533 3949 628 3992 tamen
644 3955 680 3998 τς
749 3944 781 3994 19
800 3958 876 3993 meas
894 3949 937 3994 est
956 3950 984 3993 et
1002 3945 1091 3994 suisr
1141 3946 1173 3993 21
1192 3960 1293 3994 nonum
1305 3944 1367 3995 Kal.

179 4011 348 4075 septembres
374 4010 442 4060 hora
461 4011 518 4060 fere
541 4013 658 4076 septima
674 4014 702 4060 ll
728 4027 828 4061 nonum
847 4012 909 4061 Kal.
937 4012 1005 4062 hora
1033 4013 1091 4062 lere
1119 4013 1238 4077 septima
1255 4013 1298 4075 op
1316 4014 1369 4065 No-

178 4079 292 4127 uember
310 4076 419 4128 Galend‘
448 4077 516 4128 hora
542 4079 601 4129 fere
628 4084 776 4144 septimar
801 4080 846 4132 Kl.
874 4081 1031 4130 nouembris
1056 4081 1124 4130 hora
1142 4081 1199 4130 fere
1218 4083 1368 4145 septimas

178 4160 249 4196 nono
268 4145 330 4195 Kal.
349 4151 419 4210 sept.
448 4146 517 4195 hora
542 4146 599 4196 diei
620 4148 679 4197 fere
698 4149 817 4213 septima
833 4162 851 4196 a
870 4163 894 4198 a.
912 4148 938 4200 d.
957 4149 1037 4197 VIIII
1058 4148 1173 4198 Kalend.
1193 4148 1368 4213 Septembres

178 4214 246 4263 hora
260 4214 317 4263 fere
336 4215 454 4279 septima
473 4215 503 4267 G.
524 4215 560 4268 H.
580 4215 735 4278 Setaeferaa
802 4218 834 4265 22
852 4217 989 4266 inusitata
1006 4218 1090 4278 Ilpra
1107 4216 1280 4266 inuisitatem
1297 4218 1326 4263 H

177 4284 210 4331 23
230 4286 257 4331 et
275 4279 324 4345 spe
343 4283 431 4348 surgit
457 4281 506 4331 illo
533 4287 563 4331 ur
580 4283 653 4333 esole
681 4283 752 4333 solet
777 4299 839 4333 mox
865 4284 967 4348 frigida
994 4288 1106 4349 gustata
1128 4286 1222 4334 iacens
1241 4283 1368 4335 studebat

177 4364 243 4399 usus
261 4349 306 4398 ille
325 4351 383 4400 sole
402 4367 463 4401 mox
481 4350 582 4415 frigida
600 4355 761 4414 gustauerat
778 4353 872 4401 iacens
890 4352 1071 4416 studebatque
1089 4365 1104 4399 r
1126 4359 1154 4402 et
1172 4352 1263 4417 specie
1281 4353 1368 4416 surgit

177 4416 224 4465 ille
243 4421 274 4466 ut
290 4432 305 4466 e
323 4419 381 4468 sole
398 4418 506 4469 solebat
525 4419 627 4483 frigida
644 4424 756 4484 gustata
774 4420 869 4469 iacens
894 4421 965 4469 enim
988 4420 1117 4471 studebat
1134 4433 1151 4475 ς
1237 4421 1366 4485 frigidam

177 4489 341 4547 gustauerat
359 4486 500 4537 Siclordar
585 4488 618 4538 24
636 4487 724 4553 poscit
740 4488 788 4536 Ha
805 4488 929 4552 poposcit
946 4490 1009 4549 Dpr
1078 4490 1111 4539 25
1128 4488 1216 4539 nubes
1234 4489 1365 4539 incertum

176 4554 248 4607 Usa
266 4554 352 4603 nubes
371 4551 452 4620 (nube
470 4555 502 4621 D)
524 4560 551 4605 et
568 4557 702 4605 incertum
718 4557 781 4616 apr
849 4557 881 4604 26
899 4556 1041 4606 ueluuiurn
1057 4557 1079 4604 1)
