<?xml version="1.0" encoding="UTF-8"?>
<!DOCTYPE html PUBLIC "-//W3C//DTD XHTML 1.0 Transitional//EN"
    "http://www.w3.org/TR/xhtml1/DTD/xhtml1-transitional.dtd">
<html xmlns="http://www.w3.org/1999/xhtml" xml:lang="en" lang="en">
 <head>
  <title>
</title>
<meta http-equiv="Content-Type" content="text/html;charset=utf-8" />
  <meta name='ocr-system' content='tesseract 3.04.00' />
  <meta name='ocr-capabilities' content='ocr_page ocr_carea ocr_par ocr_line ocrx_word'/>
</head>
<body>
  <div class='ocr_page' id='page_1' title='image "./cplinicaecilise03plingoog_0310.png"; bbox 0 0 3024 5062; ppageno 0'>
   <div class='ocr_carea' id='block_1_1' title="bbox 476 274 1314 344">
    <p class='ocr_par' dir='ltr' id='par_1_1' title="bbox 476 274 1314 344">
     <span class='ocr_line' id='line_1_1' title="bbox 476 274 1314 344; baseline -0.005 0"><span class='ocrx_word' id='word_1_1' title='bbox 476 274 720 344; x_wconf 77' lang='lat' dir='ltr'>arlsrunaaun</span> <span class='ocrx_word' id='word_1_2' title='bbox 742 296 831 342; x_wconf 87' lang='lat' dir='ltr'>vnn.</span> <span class='ocrx_word' id='word_1_3' title='bbox 854 289 896 339; x_wconf 81' lang='lat' dir='ltr'>av.</span> <span class='ocrx_word' id='word_1_4' title='bbox 918 288 959 339; x_wconf 78' lang='lat' dir='ltr'>aa</span> <span class='ocrx_word' id='word_1_5' title='bbox 1252 276 1314 340; x_wconf 81' lang='grc'>257</span> 
     </span>
    </p>
   </div>
   <div class='ocr_carea' id='block_1_2' title="bbox 78 447 1369 1431">
    <p class='ocr_par' dir='ltr' id='par_1_2' title="bbox 99 447 1369 1043">
     <span class='ocr_line' id='line_1_2' title="bbox 124 447 1318 530; baseline -0.001 -19"><span class='ocrx_word' id='word_1_6' title='bbox 124 447 351 528; x_wconf 81' lang='grc' dir='ltr'>ἱπποδρομίαι(</span> <span class='ocrx_word' id='word_1_7' title='bbox 380 449 424 513; x_wconf 82' lang='grc' dir='ltr'>εἰ(</span> <span class='ocrx_word' id='word_1_8' title='bbox 452 451 511 516; x_wconf 89' lang='grc' dir='ltr'>τὸν</span> <span class='ocrx_word' id='word_1_9' title='bbox 538 455 597 515; x_wconf 85' lang='grc' dir='ltr'>τοῦ</span> <span class='ocrx_word' id='word_1_10' title='bbox 625 451 811 530; x_wconf 71' lang='grc' dir='ltr'>πράγματος</span> <span class='ocrx_word' id='word_1_11' title='bbox 839 448 938 514; x_wconf 86' lang='grc' dir='ltr'>αὐτὸν</span> <span class='ocrx_word' id='word_1_12' title='bbox 962 447 1084 527; x_wconf 83' lang='grc' dir='ltr'>δρόμον</span> <span class='ocrx_word' id='word_1_13' title='bbox 1113 447 1318 512; x_wconf 80' lang='grc' dir='ltr'>εἰεελαύνετε.</span> 
     </span>
     <span class='ocr_line' id='line_1_3' title="bbox 124 548 1319 635; baseline 0.001 -25"><span class='ocrx_word' id='word_1_14' title='bbox 124 548 190 611; x_wconf 87' lang='lat' dir='ltr'>iam</span> <span class='ocrx_word' id='word_1_15' title='bbox 212 548 269 612; x_wconf 90' lang='lat' dir='ltr'>illa</span> <span class='ocrx_word' id='word_1_16' title='bbox 292 550 478 614; x_wconf 88' lang='lat' dir='ltr'>custoditius</span> <span class='ocrx_word' id='word_1_17' title='bbox 496 552 713 635; x_wconf 80' lang='lat' dir='ltr'>pressiusque,</span> <span class='ocrx_word' id='word_1_18' title='bbox 738 553 774 615; x_wconf 85' lang='grc' dir='ltr'>εὺ</span> <span class='ocrx_word' id='word_1_19' title='bbox 796 553 832 615; x_wconf 83' lang='grc' dir='ltr'>δὲ</span> <span class='ocrx_word' id='word_1_20' title='bbox 855 550 1045 628; x_wconf 73' lang='grc' dir='ltr'>ἑλκοποιεῖς,</span> <span class='ocrx_word' id='word_1_21' title='bbox 1073 549 1319 630; x_wconf 80' lang='grc' dir='ltr'>ἢευλλαβόντε(</span> 
     </span>
     <span class='ocr_line' id='line_1_4' title="bbox 126 647 1319 736; baseline -0.004 -21"><span class='ocrx_word' id='word_1_22' title='bbox 126 652 172 715; x_wconf 71' lang='grc' dir='ltr'>ὡς</span> <span class='ocrx_word' id='word_1_23' title='bbox 194 655 310 736; x_wconf 84' lang='grc' dir='ltr'>λῃειήν</span> <span class='ocrx_word' id='word_1_24' title='bbox 338 660 404 718; x_wconf 86' lang='grc' dir='ltr'>τῶν</span> <span class='ocrx_word' id='word_1_25' title='bbox 426 655 621 734; x_wconf 88' lang='grc' dir='ltr'>πραγμάτων</span> <span class='ocrx_word' id='word_1_26' title='bbox 653 654 705 719; x_wconf 84' lang='grc' dir='ltr'>διὰ</span> <span class='ocrx_word' id='word_1_27' title='bbox 730 657 786 731; x_wconf 80' lang='grc' dir='ltr'>τῆ(</span> <span class='ocrx_word' id='word_1_28' title='bbox 808 652 971 717; x_wconf 77' lang='grc' dir='ltr'>πολιτεία(</span> <span class='ocrx_word' id='word_1_29' title='bbox 993 653 1150 736; x_wconf 76' lang='grc' dir='ltr'>πλέοντα,</span> <span class='ocrx_word' id='word_1_30' title='bbox 1178 653 1212 713; x_wconf 87' lang='lat' dir='ltr'>et</span> <span class='ocrx_word' id='word_1_31' title='bbox 1233 647 1319 711; x_wconf 84' lang='lat' dir='ltr'>alia?</span> 
     </span>
     <span class='ocr_line' id='line_1_5' title="bbox 124 748 1369 838; baseline -0.002 -23"><span class='ocrx_word' id='word_1_32' title='bbox 124 755 260 836; x_wconf 83' lang='lat' dir='ltr'>expecto</span> <span class='ocrx_word' id='word_1_33' title='bbox 281 756 319 818; x_wconf 84' lang='lat' dir='ltr'>dt</span> <span class='ocrx_word' id='word_1_34' title='bbox 339 755 497 838; x_wconf 84' lang='lat' dir='ltr'>quaedam</span> <span class='ocrx_word' id='word_1_35' title='bbox 519 776 557 818; x_wconf 88' lang='lat' dir='ltr'>ex</span> <span class='ocrx_word' id='word_1_36' title='bbox 584 750 645 819; x_wconf 82' lang='lat' dir='ltr'>hac</span> <span class='ocrx_word' id='word_1_37' title='bbox 667 748 833 838; x_wconf 69' lang='lat' dir='ltr'>epistula,</span> <span class='ocrx_word' id='word_1_38' title='bbox 849 756 886 817; x_wconf 91' lang='lat' dir='ltr'>ut</span> <span class='ocrx_word' id='word_1_39' title='bbox 912 753 992 816; x_wconf 91' lang='lat' dir='ltr'>illud</span> <span class='ocrx_word' id='word_1_40' title='bbox 1014 751 1243 837; x_wconf 72' lang='lat' dir='ltr'>‘gubernacula</span> <span class='ocrx_word' id='word_1_41' title='bbox 1265 771 1318 834; x_wconf 84' lang='lat' dir='ltr'>ge·</span> <span class='ocrx_word' id='word_1_42' title='bbox 1330 750 1369 813; x_wconf 88' lang='lat'>13</span> 
     </span>
     <span class='ocr_line' id='line_1_6' title="bbox 99 852 1319 940; baseline 0 -24"><span class='ocrx_word' id='word_1_43' title='bbox 99 857 230 920; x_wconf 73' lang='lat' dir='ltr'>amunt&#39;</span> <span class='ocrx_word' id='word_1_44' title='bbox 252 856 285 919; x_wconf 88' lang='lat' dir='ltr'>et</span> <span class='ocrx_word' id='word_1_45' title='bbox 306 857 366 920; x_wconf 71' lang='lat' dir='ltr'>‘dis</span> <span class='ocrx_word' id='word_1_46' title='bbox 388 857 486 920; x_wconf 88' lang='lat' dir='ltr'>maris</span> <span class='ocrx_word' id='word_1_47' title='bbox 508 857 696 940; x_wconf 87' lang='lat' dir='ltr'>proximus&#39;,</span> <span class='ocrx_word' id='word_1_48' title='bbox 719 856 819 919; x_wconf 89' lang='lat' dir='ltr'>isdem</span> <span class='ocrx_word' id='word_1_49' title='bbox 841 855 927 918; x_wconf 86' lang='lat' dir='ltr'>notis</span> <span class='ocrx_word' id='word_1_50' title='bbox 950 855 1062 938; x_wconf 91' lang='lat' dir='ltr'>quibus</span> <span class='ocrx_word' id='word_1_51' title='bbox 1085 876 1123 917; x_wconf 89' lang='lat' dir='ltr'>ea</span> <span class='ocrx_word' id='word_1_52' title='bbox 1145 855 1183 917; x_wconf 94' lang='lat' dir='ltr'>de</span> <span class='ocrx_word' id='word_1_53' title='bbox 1206 852 1319 936; x_wconf 89' lang='lat' dir='ltr'>quibus</span> 
     </span>
     <span class='ocr_line' id='line_1_7' title="bbox 124 955 1319 1043; baseline -0.002 -24"><span class='ocrx_word' id='word_1_54' title='bbox 124 956 230 1020; x_wconf 88' lang='lat' dir='ltr'>scribo</span> <span class='ocrx_word' id='word_1_55' title='bbox 246 957 421 1022; x_wconf 81' lang='lat' dir='ltr'>confodias.</span> <span class='ocrx_word' id='word_1_56' title='bbox 444 958 610 1043; x_wconf 61' lang='lat' dir='ltr'>&#39;intellego</span> <span class='ocrx_word' id='word_1_57' title='bbox 633 959 719 1022; x_wconf 93' lang='lat' dir='ltr'>enim</span> <span class='ocrx_word' id='word_1_58' title='bbox 733 980 784 1022; x_wconf 90' lang='lat' dir='ltr'>me</span> <span class='ocrx_word' id='word_1_59' title='bbox 790 1008 799 1040; x_wconf 91' lang='lat'>,</span> <span class='ocrx_word' id='word_1_60' title='bbox 823 957 898 1020; x_wconf 89' lang='lat' dir='ltr'>dum</span> <span class='ocrx_word' id='word_1_61' title='bbox 912 957 1038 1020; x_wconf 90' lang='lat' dir='ltr'>veniam</span> <span class='ocrx_word' id='word_1_62' title='bbox 1060 955 1219 1040; x_wconf 87' lang='lat' dir='ltr'>prioribus</span> <span class='ocrx_word' id='word_1_63' title='bbox 1234 957 1319 1039; x_wconf 90' lang='lat' dir='ltr'>pet0,</span> 
     </span>
    </p>

    <p class='ocr_par' dir='ltr' id='par_1_3' title="bbox 78 1055 1319 1347">
     <span class='ocr_line' id='line_1_8' title="bbox 78 1055 1319 1144; baseline -0.002 -24"><span class='ocrx_word' id='word_1_64' title='bbox 78 1081 83 1088; x_wconf 88' lang='lat'>·</span> <span class='ocrx_word' id='word_1_65' title='bbox 122 1057 158 1121; x_wconf 90' lang='lat' dir='ltr'>in</span> <span class='ocrx_word' id='word_1_66' title='bbox 181 1057 237 1122; x_wconf 91' lang='lat' dir='ltr'>illa</span> <span class='ocrx_word' id='word_1_67' title='bbox 251 1059 321 1142; x_wconf 89' lang='lat' dir='ltr'>ipsa</span> <span class='ocrx_word' id='word_1_68' title='bbox 337 1082 419 1144; x_wconf 90' lang='lat' dir='ltr'>quae</span> <span class='ocrx_word' id='word_1_69' title='bbox 441 1061 651 1125; x_wconf 90' lang='lat' dir='ltr'>adnotaveras</span> <span class='ocrx_word' id='word_1_70' title='bbox 673 1060 834 1124; x_wconf 81' lang='lat' dir='ltr'>incidisse.</span> <span class='ocrx_word' id='word_1_71' title='bbox 870 1059 925 1123; x_wconf 90' lang='lat' dir='ltr'>sed</span> <span class='ocrx_word' id='word_1_72' title='bbox 949 1058 1113 1122; x_wconf 85' lang='lat' dir='ltr'>confodias</span> <span class='ocrx_word' id='word_1_73' title='bbox 1134 1057 1220 1139; x_wconf 88' lang='lat' dir='ltr'>licet,</span> <span class='ocrx_word' id='word_1_74' title='bbox 1245 1055 1319 1119; x_wconf 89' lang='lat' dir='ltr'>dum</span> 
     </span>
     <span class='ocr_line' id='line_1_9' title="bbox 124 1158 1319 1247; baseline -0.001 -25"><span class='ocrx_word' id='word_1_75' title='bbox 124 1159 218 1223; x_wconf 91' lang='lat' dir='ltr'>modo</span> <span class='ocrx_word' id='word_1_76' title='bbox 240 1160 304 1224; x_wconf 86' lang='lat' dir='ltr'>iam</span> <span class='ocrx_word' id='word_1_77' title='bbox 326 1183 414 1246; x_wconf 84' lang='lat' dir='ltr'>nunc</span> <span class='ocrx_word' id='word_1_78' title='bbox 437 1163 576 1226; x_wconf 77' lang='lat' dir='ltr'>destines</span> <span class='ocrx_word' id='word_1_79' title='bbox 599 1163 700 1247; x_wconf 92' lang='lat' dir='ltr'>diem,</span> <span class='ocrx_word' id='word_1_80' title='bbox 729 1183 790 1245; x_wconf 90' lang='lat' dir='ltr'>quo</span> <span class='ocrx_word' id='word_1_81' title='bbox 813 1164 846 1224; x_wconf 88' lang='lat' dir='ltr'>et</span> <span class='ocrx_word' id='word_1_82' title='bbox 872 1161 911 1224; x_wconf 89' lang='lat' dir='ltr'>de</span> <span class='ocrx_word' id='word_1_83' title='bbox 937 1159 1001 1223; x_wconf 89' lang='lat' dir='ltr'>illis</span> <span class='ocrx_word' id='word_1_84' title='bbox 1024 1163 1056 1223; x_wconf 89' lang='lat' dir='ltr'>et</span> <span class='ocrx_word' id='word_1_85' title='bbox 1078 1160 1117 1222; x_wconf 90' lang='lat' dir='ltr'>de</span> <span class='ocrx_word' id='word_1_86' title='bbox 1139 1158 1189 1222; x_wconf 89' lang='lat' dir='ltr'>his</span> <span class='ocrx_word' id='word_1_87' title='bbox 1212 1179 1319 1221; x_wconf 90' lang='lat' dir='ltr'>coram</span> 
     </span>
     <span class='ocr_line' id='line_1_10' title="bbox 124 1261 1318 1347; baseline -0.002 -23"><span class='ocrx_word' id='word_1_88' title='bbox 124 1261 253 1346; x_wconf 84' lang='lat' dir='ltr'>exigere</span> <span class='ocrx_word' id='word_1_89' title='bbox 275 1264 443 1347; x_wconf 89' lang='lat' dir='ltr'>possimus.</span> <span class='ocrx_word' id='word_1_90' title='bbox 478 1267 534 1329; x_wconf 91' lang='lat' dir='ltr'>aut</span> <span class='ocrx_word' id='word_1_91' title='bbox 556 1265 642 1329; x_wconf 91' lang='lat' dir='ltr'>enim</span> <span class='ocrx_word' id='word_1_92' title='bbox 664 1267 701 1329; x_wconf 94' lang='lat' dir='ltr'>tu</span> <span class='ocrx_word' id='word_1_93' title='bbox 722 1286 772 1328; x_wconf 90' lang='lat' dir='ltr'>me</span> <span class='ocrx_word' id='word_1_94' title='bbox 793 1263 942 1328; x_wconf 91' lang='lat' dir='ltr'>timidum</span> <span class='ocrx_word' id='word_1_95' title='bbox 964 1265 1020 1326; x_wconf 87' lang='lat' dir='ltr'>aut</span> <span class='ocrx_word' id='word_1_96' title='bbox 1042 1283 1102 1346; x_wconf 89' lang='lat' dir='ltr'>ego</span> <span class='ocrx_word' id='word_1_97' title='bbox 1129 1264 1162 1325; x_wconf 90' lang='lat' dir='ltr'>te</span> <span class='ocrx_word' id='word_1_98' title='bbox 1184 1263 1318 1324; x_wconf 87' lang='lat' dir='ltr'>temera-</span> 
     </span>
    </p>

    <p class='ocr_par' dir='ltr' id='par_1_4' title="bbox 87 1361 471 1431">
     <span class='ocr_line' id='line_1_11' title="bbox 87 1361 471 1431; baseline 0.016 -6"><span class='ocrx_word' id='word_1_99' title='bbox 87 1361 207 1427; x_wconf 78' lang='lat' dir='ltr'>arium</span> <span class='ocrx_word' id='word_1_100' title='bbox 229 1363 356 1430; x_wconf 89' lang='lat' dir='ltr'>faciam.</span> <span class='ocrx_word' id='word_1_101' title='bbox 390 1367 471 1431; x_wconf 90' lang='lat' dir='ltr'>vale.</span> 
     </span>
    </p>
   </div>
   <div class='ocr_carea' id='block_1_3' title="bbox 464 1536 978 1713">
    <p class='ocr_par' dir='ltr' id='par_1_5' title="bbox 464 1536 978 1713">
     <span class='ocr_line' id='line_1_12' title="bbox 628 1536 765 1602; baseline 0 -1"><span class='ocrx_word' id='word_1_102' title='bbox 628 1536 765 1602; x_wconf 86' lang='lat' dir='ltr'>XXVII.</span> 
     </span>
     <span class='ocr_line' id='line_1_13' title="bbox 464 1656 978 1713; baseline -0.002 -4"><span class='ocrx_word' id='word_1_103' title='bbox 464 1657 842 1713; x_wconf 77' lang='lat' dir='ltr'>o‚PL1rv1usParaarvo</span> <span class='ocrx_word' id='word_1_104' title='bbox 862 1656 932 1708; x_wconf 84' lang='lat' dir='ltr'>suo</span> <span class='ocrx_word' id='word_1_105' title='bbox 951 1657 978 1709; x_wconf 79' lang='lat' dir='ltr'>s,</span> 
     </span>
    </p>
   </div>
   <div class='ocr_carea' id='block_1_4' title="bbox 87 1771 1347 2756">
    <p class='ocr_par' dir='ltr' id='par_1_6' title="bbox 87 1771 1347 2756">
     <span class='ocr_line' id='line_1_14' title="bbox 155 1771 1346 1859; baseline -0.005 -17"><span class='ocrx_word' id='word_1_106' title='bbox 155 1839 157 1842; x_wconf 84' lang='grc'><em>,</em></span> <span class='ocrx_word' id='word_1_107' title='bbox 208 1771 337 1848; x_wconf 81' lang='lat' dir='ltr'>Quanta</span> <span class='ocrx_word' id='word_1_108' title='bbox 352 1775 510 1858; x_wconf 88' lang='lat' dir='ltr'>potestas,</span> <span class='ocrx_word' id='word_1_109' title='bbox 527 1777 649 1859; x_wconf 87' lang='lat' dir='ltr'>quanta</span> <span class='ocrx_word' id='word_1_110' title='bbox 666 1774 823 1859; x_wconf 75' lang='lat' dir='ltr'>digniter,</span> <span class='ocrx_word' id='word_1_111' title='bbox 841 1777 962 1857; x_wconf 90' lang='lat' dir='ltr'>quanta</span> <span class='ocrx_word' id='word_1_112' title='bbox 977 1773 1138 1856; x_wconf 70' lang='lat' dir='ltr'>medestae,</span> <span class='ocrx_word' id='word_1_113' title='bbox 1162 1773 1346 1857; x_wconf 77' lang='lat' dir='ltr'>quantumi</span> 
     </span>
     <span class='ocr_line' id='line_1_15' title="bbox 124 1863 1318 1960; baseline 0.001 -23"><span class='ocrx_word' id='word_1_114' title='bbox 124 1873 262 1959; x_wconf 91' lang='lat' dir='ltr'>denique</span> <span class='ocrx_word' id='word_1_115' title='bbox 283 1863 403 1939; x_wconf 69' lang='lat' dir='ltr'>ffiimen</span> <span class='ocrx_word' id='word_1_116' title='bbox 424 1876 467 1940; x_wconf 91' lang='lat' dir='ltr'>sit</span> <span class='ocrx_word' id='word_1_117' title='bbox 487 1874 656 1960; x_wconf 74' lang='lat' dir='ltr'>historiae,</span> <span class='ocrx_word' id='word_1_118' title='bbox 681 1898 752 1940; x_wconf 91' lang='lat' dir='ltr'>cum</span> <span class='ocrx_word' id='word_1_119' title='bbox 774 1875 960 1959; x_wconf 86' lang='lat' dir='ltr'>frequenter</span> <span class='ocrx_word' id='word_1_120' title='bbox 982 1875 1062 1938; x_wconf 91' lang='lat' dir='ltr'>alias</span> <span class='ocrx_word' id='word_1_121' title='bbox 1084 1878 1152 1939; x_wconf 88' lang='lat' dir='ltr'>tum</span> <span class='ocrx_word' id='word_1_122' title='bbox 1174 1875 1318 1959; x_wconf 88' lang='lat' dir='ltr'>proxime</span> 
     </span>
     <span class='ocr_line' id='line_1_16' title="bbox 91 1976 1318 2062; baseline -0.002 -21"><span class='ocrx_word' id='word_1_123' title='bbox 91 1991 113 2032; x_wconf 76' lang='lat'>15</span> <span class='ocrx_word' id='word_1_124' title='bbox 125 1976 222 2041; x_wconf 84' lang='lat' dir='ltr'>sensi.</span> <span class='ocrx_word' id='word_1_125' title='bbox 256 1977 448 2042; x_wconf 78' lang='lat' dir='ltr'>recitaverat</span> <span class='ocrx_word' id='word_1_126' title='bbox 475 1977 604 2062; x_wconf 88' lang='lat' dir='ltr'>quidam</span> <span class='ocrx_word' id='word_1_127' title='bbox 625 1979 825 2042; x_wconf 89' lang='lat' dir='ltr'>verissimum</span> <span class='ocrx_word' id='word_1_128' title='bbox 847 1977 963 2041; x_wconf 89' lang='lat' dir='ltr'>librum</span> <span class='ocrx_word' id='word_1_129' title='bbox 985 1981 1171 2062; x_wconf 86' lang='lat' dir='ltr'>partemque</span> <span class='ocrx_word' id='word_1_130' title='bbox 1193 1978 1260 2041; x_wconf 89' lang='lat' dir='ltr'>eius</span> <span class='ocrx_word' id='word_1_131' title='bbox 1283 1977 1318 2040; x_wconf 90' lang='lat' dir='ltr'>in</span> 
     </span>
     <span class='ocr_line' id='line_1_17' title="bbox 124 2077 1347 2145; baseline -0.001 -3"><span class='ocrx_word' id='word_1_132' title='bbox 124 2077 223 2143; x_wconf 88' lang='lat' dir='ltr'>alium</span> <span class='ocrx_word' id='word_1_133' title='bbox 246 2078 330 2142; x_wconf 90' lang='lat' dir='ltr'>diem</span> <span class='ocrx_word' id='word_1_134' title='bbox 350 2083 577 2144; x_wconf 83' lang='lat' dir='ltr'>reservaverat.</span> <span class='ocrx_word' id='word_1_135' title='bbox 613 2102 686 2145; x_wconf 91' lang='lat' dir='ltr'>ecce</span> <span class='ocrx_word' id='word_1_136' title='bbox 709 2080 804 2144; x_wconf 87' lang='lat' dir='ltr'>amici</span> <span class='ocrx_word' id='word_1_137' title='bbox 820 2080 983 2144; x_wconf 87' lang='lat' dir='ltr'>cuiusdam</span> <span class='ocrx_word' id='word_1_138' title='bbox 1005 2083 1134 2144; x_wconf 89' lang='lat' dir='ltr'>orantes</span> <span class='ocrx_word' id='word_1_139' title='bbox 1149 2079 1347 2144; x_wconf 65' lang='lat' dir='ltr'>obsecrem?</span> 
     </span>
     <span class='ocr_line' id='line_1_18' title="bbox 123 2180 1317 2267; baseline -0.001 -23"><span class='ocrx_word' id='word_1_140' title='bbox 123 2183 234 2264; x_wconf 82' lang='lat' dir='ltr'>tesqua</span> <span class='ocrx_word' id='word_1_141' title='bbox 256 2201 298 2245; x_wconf 90' lang='lat' dir='ltr'>ne</span> <span class='ocrx_word' id='word_1_142' title='bbox 313 2180 435 2267; x_wconf 89' lang='lat' dir='ltr'>reliqua</span> <span class='ocrx_word' id='word_1_143' title='bbox 456 2183 618 2246; x_wconf 86' lang='lat' dir='ltr'>recitaret.</span> <span class='ocrx_word' id='word_1_144' title='bbox 653 2184 764 2246; x_wconf 83' lang='lat' dir='ltr'>tantus</span> <span class='ocrx_word' id='word_1_145' title='bbox 780 2182 930 2246; x_wconf 90' lang='lat' dir='ltr'>audiendi</span> <span class='ocrx_word' id='word_1_146' title='bbox 953 2203 1033 2265; x_wconf 92' lang='lat' dir='ltr'>quae</span> <span class='ocrx_word' id='word_1_147' title='bbox 1055 2181 1193 2246; x_wconf 86' lang='lat' dir='ltr'>fecerint</span> <span class='ocrx_word' id='word_1_148' title='bbox 1206 2180 1317 2265; x_wconf 91' lang='lat' dir='ltr'>pudor,</span> 
     </span>
     <span class='ocr_line' id='line_1_19' title="bbox 124 2282 1317 2368; baseline 0.001 -23"><span class='ocrx_word' id='word_1_149' title='bbox 124 2282 238 2366; x_wconf 89' lang='lat' dir='ltr'>quibus</span> <span class='ocrx_word' id='word_1_150' title='bbox 265 2283 373 2347; x_wconf 88' lang='lat' dir='ltr'>nullus</span> <span class='ocrx_word' id='word_1_151' title='bbox 399 2283 540 2347; x_wconf 89' lang='lat' dir='ltr'>faciendi</span> <span class='ocrx_word' id='word_1_152' title='bbox 568 2306 649 2368; x_wconf 89' lang='lat' dir='ltr'>quae</span> <span class='ocrx_word' id='word_1_153' title='bbox 679 2284 788 2347; x_wconf 88' lang='lat' dir='ltr'>audire</span> <span class='ocrx_word' id='word_1_154' title='bbox 817 2283 1018 2348; x_wconf 89' lang='lat' dir='ltr'>erubescunt.</span> <span class='ocrx_word' id='word_1_155' title='bbox 1054 2287 1086 2347; x_wconf 88' lang='lat' dir='ltr'>et</span> <span class='ocrx_word' id='word_1_156' title='bbox 1114 2283 1167 2347; x_wconf 89' lang='lat' dir='ltr'>ille</span> <span class='ocrx_word' id='word_1_157' title='bbox 1190 2284 1317 2367; x_wconf 89' lang='lat' dir='ltr'>quidem</span> 
     </span>
     <span class='ocr_line' id='line_1_20' title="bbox 123 2384 1317 2470; baseline 0.002 -24"><span class='ocrx_word' id='word_1_158' title='bbox 123 2384 288 2466; x_wconf 86' lang='lat' dir='ltr'>praestitit</span> <span class='ocrx_word' id='word_1_159' title='bbox 309 2384 392 2469; x_wconf 92' lang='lat' dir='ltr'>quod</span> <span class='ocrx_word' id='word_1_160' title='bbox 406 2385 595 2470; x_wconf 89' lang='lat' dir='ltr'>rogabatur:</span> <span class='ocrx_word' id='word_1_161' title='bbox 618 2385 746 2449; x_wconf 89' lang='lat' dir='ltr'>sinebat</span> <span class='ocrx_word' id='word_1_162' title='bbox 764 2385 853 2449; x_wconf 77' lang='lat' dir='ltr'>fides</span> <span class='ocrx_word' id='word_1_163' title='bbox 887 2384 968 2449; x_wconf 89' lang='lat' dir='ltr'>liber</span> <span class='ocrx_word' id='word_1_164' title='bbox 990 2387 1115 2469; x_wconf 86' lang='lat' dir='ltr'>tamen,</span> <span class='ocrx_word' id='word_1_165' title='bbox 1138 2387 1175 2448; x_wconf 92' lang='lat' dir='ltr'>ut</span> <span class='ocrx_word' id='word_1_166' title='bbox 1195 2385 1317 2449; x_wconf 85' lang='lat' dir='ltr'>factum</span> 
     </span>
     <span class='ocr_line' id='line_1_21' title="bbox 87 2485 1317 2573; baseline 0.001 -25"><span class='ocrx_word' id='word_1_167' title='bbox 87 2499 112 2541; x_wconf 62' lang='grc' dir='ltr'>ἓν</span> <span class='ocrx_word' id='word_1_168' title='bbox 123 2485 229 2568; x_wconf 89' lang='lat' dir='ltr'>ipsum</span> <span class='ocrx_word' id='word_1_169' title='bbox 235 2535 245 2569; x_wconf 94' lang='lat'>,</span> <span class='ocrx_word' id='word_1_170' title='bbox 268 2489 393 2570; x_wconf 89' lang='lat' dir='ltr'>manet,</span> <span class='ocrx_word' id='word_1_171' title='bbox 420 2487 564 2551; x_wconf 89' lang='lat' dir='ltr'>manebit</span> <span class='ocrx_word' id='word_1_172' title='bbox 590 2487 778 2573; x_wconf 87' lang='lat' dir='ltr'>legeturque</span> <span class='ocrx_word' id='word_1_173' title='bbox 807 2509 946 2571; x_wconf 89' lang='lat' dir='ltr'>semper,</span> <span class='ocrx_word' id='word_1_174' title='bbox 973 2490 1065 2551; x_wconf 88' lang='lat' dir='ltr'>tanto</span> <span class='ocrx_word' id='word_1_175' title='bbox 1092 2488 1213 2572; x_wconf 75' lang='lat' dir='ltr'>magiS,</span> <span class='ocrx_word' id='word_1_176' title='bbox 1242 2486 1317 2571; x_wconf 87' lang='lat' dir='ltr'>quia</span> 
     </span>
     <span class='ocr_line' id='line_1_22' title="bbox 122 2587 1317 2674; baseline 0.001 -23"><span class='ocrx_word' id='word_1_177' title='bbox 122 2608 190 2652; x_wconf 91' lang='lat' dir='ltr'>non</span> <span class='ocrx_word' id='word_1_178' title='bbox 211 2587 332 2651; x_wconf 86' lang='lat' dir='ltr'>statim.</span> <span class='ocrx_word' id='word_1_179' title='bbox 366 2588 544 2653; x_wconf 89' lang='lat' dir='ltr'>incitantur</span> <span class='ocrx_word' id='word_1_180' title='bbox 566 2591 652 2655; x_wconf 93' lang='lat' dir='ltr'>enim</span> <span class='ocrx_word' id='word_1_181' title='bbox 665 2589 811 2654; x_wconf 90' lang='lat' dir='ltr'>homines</span> <span class='ocrx_word' id='word_1_182' title='bbox 834 2590 874 2652; x_wconf 89' lang='lat' dir='ltr'>ad</span> <span class='ocrx_word' id='word_1_183' title='bbox 890 2590 1112 2674; x_wconf 85' lang='lat' dir='ltr'>cognoscenda</span> <span class='ocrx_word' id='word_1_184' title='bbox 1127 2610 1207 2674; x_wconf 89' lang='lat' dir='ltr'>quae</span> <span class='ocrx_word' id='word_1_185' title='bbox 1230 2589 1317 2652; x_wconf 91' lang='lat' dir='ltr'>diffe-</span> 
     </span>
     <span class='ocr_line' id='line_1_23' title="bbox 121 2689 469 2756; baseline 0 -2"><span class='ocrx_word' id='word_1_186' title='bbox 121 2693 246 2756; x_wconf 92' lang='lat' dir='ltr'>runtur.</span> <span class='ocrx_word' id='word_1_187' title='bbox 282 2689 362 2755; x_wconf 89' lang='lat' dir='ltr'>vale.</span> <span class='ocrx_word' id='word_1_188' title='bbox 467 2713 469 2717; x_wconf 48' lang='lat'><strong>¹</strong></span> 
     </span>
    </p>
   </div>
   <div class='ocr_carea' id='block_1_5' title="bbox 466 2861 972 3036">
    <p class='ocr_par' dir='ltr' id='par_1_7' title="bbox 466 2861 972 3036">
     <span class='ocr_line' id='line_1_24' title="bbox 641 2861 796 2927; baseline 0 0"><span class='ocrx_word' id='word_1_189' title='bbox 641 2861 796 2927; x_wconf 86' lang='lat' dir='ltr'><strong>XXVHI.</strong></span> 
     </span>
     <span class='ocr_line' id='line_1_25' title="bbox 466 2982 972 3036; baseline -0.002 -4"><span class='ocrx_word' id='word_1_190' title='bbox 466 2982 497 3036; x_wconf 86' lang='lat' dir='ltr'>o.</span> <span class='ocrx_word' id='word_1_191' title='bbox 514 2983 663 3034; x_wconf 75' lang='lat' dir='ltr'>amarus</span> <span class='ocrx_word' id='word_1_192' title='bbox 682 2983 838 3035; x_wconf 76' lang='lat' dir='ltr'>nouarvo</span> <span class='ocrx_word' id='word_1_193' title='bbox 858 2983 927 3034; x_wconf 85' lang='lat' dir='ltr'>sno</span> <span class='ocrx_word' id='word_1_194' title='bbox 946 2983 972 3032; x_wconf 88' lang='lat' dir='ltr'>s.</span> 
     </span>
    </p>
   </div>
   <div class='ocr_carea' id='block_1_6' title="bbox 74 3095 1340 3390">
    <p class='ocr_par' dir='ltr' id='par_1_8' title="bbox 74 3095 1340 3390">
     <span class='ocr_line' id='line_1_26' title="bbox 74 3095 1340 3184; baseline 0.002 -23"><span class='ocrx_word' id='word_1_195' title='bbox 74 3107 110 3154; x_wconf 72' lang='lat'>2⁵</span> <span class='ocrx_word' id='word_1_196' title='bbox 208 3095 286 3162; x_wconf 90' lang='lat' dir='ltr'>Post</span> <span class='ocrx_word' id='word_1_197' title='bbox 307 3097 440 3183; x_wconf 88' lang='lat' dir='ltr'>longum</span> <span class='ocrx_word' id='word_1_198' title='bbox 461 3102 587 3183; x_wconf 88' lang='lat' dir='ltr'>tempus</span> <span class='ocrx_word' id='word_1_199' title='bbox 611 3099 765 3183; x_wconf 89' lang='lat' dir='ltr'>epistulas</span> <span class='ocrx_word' id='word_1_200' title='bbox 786 3103 875 3184; x_wconf 89' lang='lat' dir='ltr'>tuas,</span> <span class='ocrx_word' id='word_1_201' title='bbox 900 3099 955 3164; x_wconf 90' lang='lat' dir='ltr'>sed</span> <span class='ocrx_word' id='word_1_202' title='bbox 976 3102 1042 3163; x_wconf 89' lang='lat' dir='ltr'>tres</span> <span class='ocrx_word' id='word_1_203' title='bbox 1056 3099 1178 3183; x_wconf 86' lang='lat' dir='ltr'>pariter</span> <span class='ocrx_word' id='word_1_204' title='bbox 1197 3101 1340 3184; x_wconf 87' lang='lat' dir='ltr'>recepi,1</span> 
     </span>
     <span class='ocr_line' id='line_1_27' title="bbox 122 3198 1316 3286; baseline 0.001 -22"><span class='ocrx_word' id='word_1_205' title='bbox 122 3220 234 3264; x_wconf 88' lang='lat' dir='ltr'>omnes</span> <span class='ocrx_word' id='word_1_206' title='bbox 256 3198 512 3285; x_wconf 86' lang='lat' dir='ltr'>elegantissimas</span> <span class='ocrx_word' id='word_1_207' title='bbox 533 3202 770 3266; x_wconf 87' lang='lat' dir='ltr'>amantissimas</span> <span class='ocrx_word' id='word_1_208' title='bbox 798 3205 831 3267; x_wconf 89' lang='lat' dir='ltr'>et</span> <span class='ocrx_word' id='word_1_209' title='bbox 849 3201 957 3286; x_wconf 83' lang='lat' dir='ltr'>quales</span> <span class='ocrx_word' id='word_1_210' title='bbox 984 3225 1003 3266; x_wconf 92' lang='lat' dir='ltr'>a</span> <span class='ocrx_word' id='word_1_211' title='bbox 1029 3201 1201 3285; x_wconf 88' lang='lat' dir='ltr'>tevenire,</span> <span class='ocrx_word' id='word_1_212' title='bbox 1224 3224 1316 3285; x_wconf 88' lang='lat' dir='ltr'>prae·</span> 
     </span>
     <span class='ocr_line' id='line_1_28' title="bbox 121 3300 1316 3390; baseline 0.003 -26"><span class='ocrx_word' id='word_1_213' title='bbox 121 3300 234 3366; x_wconf 83' lang='lat' dir='ltr'>sertim</span> <span class='ocrx_word' id='word_1_214' title='bbox 248 3300 458 3387; x_wconf 87' lang='lat' dir='ltr'>desideratas,</span> <span class='ocrx_word' id='word_1_215' title='bbox 481 3303 660 3386; x_wconf 88' lang='lat' dir='ltr'>oportebat.</span> <span class='ocrx_word' id='word_1_216' title='bbox 697 3327 831 3388; x_wconf 88' lang='lat' dir='ltr'>quarum</span> <span class='ocrx_word' id='word_1_217' title='bbox 852 3326 918 3368; x_wconf 86' lang='lat' dir='ltr'>una</span> <span class='ocrx_word' id='word_1_218' title='bbox 939 3305 1083 3390; x_wconf 83' lang='lat' dir='ltr'>iniungis</span> <span class='ocrx_word' id='word_1_219' title='bbox 1105 3303 1185 3368; x_wconf 90' lang='lat' dir='ltr'>mihi</span> <span class='ocrx_word' id='word_1_220' title='bbox 1206 3304 1316 3369; x_wconf 87' lang='lat' dir='ltr'>iucun-</span> 
     </span>
    </p>
   </div>
   <div class='ocr_carea' id='block_1_7' title="bbox 121 3553 1332 4169">
    <p class='ocr_par' dir='ltr' id='par_1_9' title="bbox 121 3553 1332 4169">
     <span class='ocr_line' id='line_1_29' title="bbox 190 3553 1332 3626; baseline 0.004 -16"><span class='ocrx_word' id='word_1_221' title='bbox 190 3562 207 3610; x_wconf 83' lang='lat'><strong>2</strong></span> <span class='ocrx_word' id='word_1_222' title='bbox 226 3553 388 3612; x_wconf 81' lang='lat' dir='ltr'>custoditius</span> <span class='ocrx_word' id='word_1_223' title='bbox 405 3575 422 3610; x_wconf 83' lang='lat' dir='ltr'>a</span> <span class='ocrx_word' id='word_1_224' title='bbox 439 3561 603 3611; x_wconf 86' lang='lat' dir='ltr'>commodius</span> <span class='ocrx_word' id='word_1_225' title='bbox 621 3564 688 3624; x_wconf 77' lang='grc' dir='ltr'>Βρς</span> <span class='ocrx_word' id='word_1_226' title='bbox 756 3561 788 3613; x_wconf 82' lang='lat' dir='ltr'>cb</span> <span class='ocrx_word' id='word_1_227' title='bbox 806 3561 837 3613; x_wconf 83' lang='grc' dir='ltr'>δὲ</span> <span class='ocrx_word' id='word_1_228' title='bbox 855 3560 1010 3614; x_wconf 70' lang='grc' dir='ltr'>ἑλκοποιεῖς</span> <span class='ocrx_word' id='word_1_229' title='bbox 1028 3561 1134 3626; x_wconf 88' lang='grc' dir='ltr'>ληετὴν</span> <span class='ocrx_word' id='word_1_230' title='bbox 1151 3565 1212 3613; x_wconf 84' lang='grc' dir='ltr'>τῶν</span> <span class='ocrx_word' id='word_1_231' title='bbox 1229 3568 1332 3626; x_wconf 87' lang='grc' dir='ltr'>γραμ-’</span> 
     </span>
     <span class='ocr_line' id='line_1_30' title="bbox 122 3625 1316 3694; baseline 0.003 -17"><span class='ocrx_word' id='word_1_232' title='bbox 122 3625 223 3691; x_wconf 87' lang='grc' dir='ltr'>μάτων</span> <span class='ocrx_word' id='word_1_233' title='bbox 241 3633 270 3679; x_wconf 88' lang='lat' dir='ltr'>et</span> <span class='ocrx_word' id='word_1_234' title='bbox 288 3629 375 3680; x_wconf 73' lang='lat' dir='ltr'>alia*</span> <span class='ocrx_word' id='word_1_235' title='bbox 398 3636 513 3693; x_wconf 81' lang='lat' dir='ltr'>expecto</span> <span class='ocrx_word' id='word_1_236' title='bbox 532 3631 554 3676; x_wconf 81' lang='lat' dir='ltr'>a</span> <span class='ocrx_word' id='word_1_237' title='bbox 581 3643 612 3680; x_wconf 83' lang='grc' dir='ltr'>ευ</span> <span class='ocrx_word' id='word_1_238' title='bbox 639 3629 670 3681; x_wconf 84' lang='grc' dir='ltr'>δε</span> <span class='ocrx_word' id='word_1_239' title='bbox 697 3629 853 3682; x_wconf 86' lang='grc' dir='ltr'>ἑλκοποιειε</span> <span class='ocrx_word' id='word_1_240' title='bbox 877 3630 991 3694; x_wconf 87' lang='grc' dir='ltr'>ηδιετην</span> <span class='ocrx_word' id='word_1_241' title='bbox 1013 3645 1074 3681; x_wconf 89' lang='grc' dir='ltr'>των</span> <span class='ocrx_word' id='word_1_242' title='bbox 1092 3644 1269 3694; x_wconf 85' lang='grc' dir='ltr'>πραγματων</span> <span class='ocrx_word' id='word_1_243' title='bbox 1287 3635 1316 3681; x_wconf 89' lang='lat' dir='ltr'>et</span> 
     </span>
     <span class='ocr_line' id='line_1_31' title="bbox 123 3693 1315 3762; baseline 0.003 -18"><span class='ocrx_word' id='word_1_244' title='bbox 123 3695 179 3745; x_wconf 89' lang='lat' dir='ltr'>alia</span> <span class='ocrx_word' id='word_1_245' title='bbox 196 3709 248 3760; x_wconf 84' lang='grc' dir='ltr'>τηε</span> <span class='ocrx_word' id='word_1_246' title='bbox 267 3693 385 3748; x_wconf 73' lang='grc' dir='ltr'>ποντία(</span> <span class='ocrx_word' id='word_1_247' title='bbox 404 3697 513 3747; x_wconf 87' lang='grc' dir='ltr'>πλεντιι</span> <span class='ocrx_word' id='word_1_248' title='bbox 527 3735 532 3746; x_wconf 92' lang='grc'><em>.</em></span> <span class='ocrx_word' id='word_1_249' title='bbox 544 3704 661 3762; x_wconf 82' lang='lat' dir='ltr'>expecto</span> <span class='ocrx_word' id='word_1_250' title='bbox 680 3710 696 3753; x_wconf 88' lang='grc' dir='ltr'><em>ς</em></span> <span class='ocrx_word' id='word_1_251' title='bbox 714 3697 745 3749; x_wconf 79' lang='lat' dir='ltr'>cb</span> <span class='ocrx_word' id='word_1_252' title='bbox 764 3697 795 3750; x_wconf 83' lang='grc' dir='ltr'>δέ</span> <span class='ocrx_word' id='word_1_253' title='bbox 814 3697 970 3749; x_wconf 82' lang='grc' dir='ltr'>ἑλκοποιεῖε</span> <span class='ocrx_word' id='word_1_254' title='bbox 989 3698 1035 3749; x_wconf 83' lang='grc' dir='ltr'>καὶ</span> <span class='ocrx_word' id='word_1_255' title='bbox 1053 3697 1160 3762; x_wconf 84' lang='grc' dir='ltr'>μᾶλλόν</span> <span class='ocrx_word' id='word_1_256' title='bbox 1179 3712 1219 3749; x_wconf 79' lang='lat' dir='ltr'>cor</span> <span class='ocrx_word' id='word_1_257' title='bbox 1239 3696 1315 3761; x_wconf 86' lang='grc' dir='ltr'>μέλει</span> 
     </span>
     <span class='ocr_line' id='line_1_32' title="bbox 121 3761 1315 3830; baseline 0.003 -17"><span class='ocrx_word' id='word_1_258' title='bbox 121 3764 183 3814; x_wconf 83' lang='grc' dir='ltr'>τῶν</span> <span class='ocrx_word' id='word_1_259' title='bbox 202 3761 370 3828; x_wconf 84' lang='grc' dir='ltr'>αὐθημέρων</span> <span class='ocrx_word' id='word_1_260' title='bbox 388 3762 484 3826; x_wconf 89' lang='grc' dir='ltr'>λόγων</span> <span class='ocrx_word' id='word_1_261' title='bbox 502 3764 519 3828; x_wconf 87' lang='grc' dir='ltr'>ἢ</span> <span class='ocrx_word' id='word_1_262' title='bbox 537 3766 589 3829; x_wconf 71' lang='grc' dir='ltr'>τῆς</span> <span class='ocrx_word' id='word_1_263' title='bbox 616 3763 754 3830; x_wconf 81' lang='grc' dir='ltr'>εωτηρίιιε</span> <span class='ocrx_word' id='word_1_264' title='bbox 779 3767 832 3830; x_wconf 79' lang='grc' dir='ltr'>τῆ(</span> <span class='ocrx_word' id='word_1_265' title='bbox 858 3765 990 3817; x_wconf 73' lang='grc' dir='ltr'>πόλεως.</span> <span class='ocrx_word' id='word_1_266' title='bbox 1005 3766 1088 3817; x_wconf 86' lang='lat' dir='ltr'>altius</span> <span class='ocrx_word' id='word_1_267' title='bbox 1107 3767 1157 3816; x_wconf 86' lang='lat' dir='ltr'>illa</span> <span class='ocrx_word' id='word_1_268' title='bbox 1175 3764 1228 3816; x_wconf 82' lang='grc' dir='ltr'>οὐκ</span> <span class='ocrx_word' id='word_1_269' title='bbox 1246 3764 1315 3816; x_wconf 86' lang='grc' dir='ltr'>ἁπο-</span> 
     </span>
     <span class='ocr_line' id='line_1_33' title="bbox 122 3824 1315 3899; baseline 0.002 -18"><span class='ocrx_word' id='word_1_270' title='bbox 122 3829 270 3895; x_wconf 85' lang='grc' dir='ltr'>πέμψηεθε</span> <span class='ocrx_word' id='word_1_271' title='bbox 287 3830 340 3882; x_wconf 88' lang='grc' dir='ltr'>τὸν</span> <span class='ocrx_word' id='word_1_272' title='bbox 358 3831 511 3897; x_wconf 83' lang='grc' dir='ltr'>ἄνθρωπον</span> <span class='ocrx_word' id='word_1_273' title='bbox 530 3831 569 3884; x_wconf 75' lang='lat' dir='ltr'>dic</span> <span class='ocrx_word' id='word_1_274' title='bbox 587 3833 685 3897; x_wconf 86' lang='grc' dir='ltr'>κοινὴν</span> <span class='ocrx_word' id='word_1_275' title='bbox 703 3835 764 3883; x_wconf 81' lang='grc' dir='ltr'>τῶν</span> <span class='ocrx_word' id='word_1_276' title='bbox 782 3830 911 3897; x_wconf 85' lang='grc' dir='ltr'>ἑλλήνων</span> <span class='ocrx_word' id='word_1_277' title='bbox 929 3831 1075 3899; x_wconf 80' lang='grc' dir='ltr'>(υμφορὰν</span> <span class='ocrx_word' id='word_1_278' title='bbox 1093 3833 1110 3897; x_wconf 84' lang='grc' dir='ltr'>ἢ</span> <span class='ocrx_word' id='word_1_279' title='bbox 1129 3824 1315 3896; x_wconf 77' lang='grc' dir='ltr'>ἑυλλοιβόντεε</span> 
     </span>
     <span class='ocr_line' id='line_1_34' title="bbox 123 3897 1315 3987; baseline 0.002 -39"><span class='ocrx_word' id='word_1_280' title='bbox 123 3897 163 3949; x_wconf 81' lang='grc' dir='ltr'>ὼε</span> <span class='ocrx_word' id='word_1_281' title='bbox 176 3899 283 3964; x_wconf 83' lang='grc' dir='ltr'>ληετὴν</span> <span class='ocrx_word' id='word_1_282' title='bbox 300 3902 360 3951; x_wconf 82' lang='grc' dir='ltr'>τῶν</span> <span class='ocrx_word' id='word_1_283' title='bbox 378 3899 554 3984; x_wconf 59' lang='grc' dir='ltr'>πρανμάτιιιν</span> <span class='ocrx_word' id='word_1_284' title='bbox 572 3899 616 3952; x_wconf 83' lang='grc' dir='ltr'>διὰ</span> <span class='ocrx_word' id='word_1_285' title='bbox 633 3903 685 3965; x_wconf 72' lang='grc' dir='ltr'>τῆς</span> <span class='ocrx_word' id='word_1_286' title='bbox 703 3899 847 3987; x_wconf 61' lang='grc' dir='ltr'>πολιπείαε</span> <span class='ocrx_word' id='word_1_287' title='bbox 859 3900 986 3953; x_wconf 85' lang='grc' dir='ltr'>πλέοντα</span> <span class='ocrx_word' id='word_1_288' title='bbox 997 3900 1191 3966; x_wconf 84' lang='grc' dir='ltr'>τιμωρήεαεθε</span> <span class='ocrx_word' id='word_1_289' title='bbox 1210 3905 1237 3951; x_wconf 90' lang='lat' dir='ltr'>et</span> <span class='ocrx_word' id='word_1_290' title='bbox 1249 3901 1315 3951; x_wconf 85' lang='lat' dir='ltr'>alia.</span> 
     </span>
     <span class='ocr_line' id='line_1_35' title="bbox 122 3967 1316 4103; baseline 0.001 -18"><span class='ocrx_word' id='word_1_291' title='bbox 122 3967 351 4096; x_wconf 44' lang='lat' dir='ltr'>tabida*</span> <span class='ocrx_word' id='word_1_292' title='bbox 378 3967 788 4102; x_wconf 54' lang='lat' dir='ltr'>atiptssiftfftibfitti</span> <span class='ocrx_word' id='word_1_293' title='bbox 805 3967 1269 4103; x_wconf 54' lang='lat' dir='ltr'>{It....tribadas-tatas</span> <span class='ocrx_word' id='word_1_294' title='bbox 1284 3985 1316 4087; x_wconf 72' lang='lat' dir='ltr'>a</span> 
     </span>
     <span class='ocr_line' id='line_1_36' title="bbox 121 4103 677 4169; baseline 0.004 -18"><span class='ocrx_word' id='word_1_295' title='bbox 121 4104 143 4151; x_wconf 77' lang='lat'>1&gt;</span> <span class='ocrx_word' id='word_1_296' title='bbox 223 4103 341 4153; x_wconf 88' lang='lat' dir='ltr'>utillud</span> <span class='ocrx_word' id='word_1_297' title='bbox 359 4119 441 4157; x_wconf 65' lang='grc' dir='ltr'>οπλα</span> <span class='ocrx_word' id='word_1_298' title='bbox 509 4103 583 4169; x_wconf 86' lang='lat' dir='ltr'>9te]</span> <span class='ocrx_word' id='word_1_299' title='bbox 602 4119 677 4155; x_wconf 89' lang='lat' dir='ltr'>mer</span> 
     </span>
    </p>
   </div>
   <div class='ocr_carea' id='block_1_8' title="bbox 102 4203 1314 4542">
    <p class='ocr_par' dir='ltr' id='par_1_10' title="bbox 102 4203 1314 4542">
     <span class='ocr_line' id='line_1_37' title="bbox 189 4203 1280 4271; baseline 0.003 -19"><span class='ocrx_word' id='word_1_300' title='bbox 189 4203 297 4253; x_wconf 85' lang='lat' dir='ltr'>XXVII</span> <span class='ocrx_word' id='word_1_301' title='bbox 315 4206 346 4253; x_wconf 89' lang='grc'>12</span> <span class='ocrx_word' id='word_1_302' title='bbox 363 4205 535 4255; x_wconf 82' lang='lat' dir='ltr'>PATERNO</span> <span class='ocrx_word' id='word_1_303' title='bbox 553 4207 597 4253; x_wconf 80' lang='lat' dir='ltr'>Da</span> <span class='ocrx_word' id='word_1_304' title='bbox 614 4206 752 4257; x_wconf 87' lang='lat' dir='ltr'>Laterono</span> <span class='ocrx_word' id='word_1_305' title='bbox 770 4221 787 4269; x_wconf 83' lang='grc' dir='ltr'>ρ</span> <span class='ocrx_word' id='word_1_306' title='bbox 804 4207 945 4257; x_wconf 87' lang='lat' dir='ltr'>Laterano</span> <span class='ocrx_word' id='word_1_307' title='bbox 962 4219 999 4263; x_wconf 76' lang='grc' dir='ltr'>ις</span> <span class='ocrx_word' id='word_1_308' title='bbox 1067 4208 1100 4257; x_wconf 88' lang='grc'>14</span> <span class='ocrx_word' id='word_1_309' title='bbox 1117 4205 1247 4271; x_wconf 84' lang='lat' dir='ltr'>frequens</span> <span class='ocrx_word' id='word_1_310' title='bbox 1263 4220 1280 4269; x_wconf 86' lang='lat' dir='ltr'>p</span> 
     </span>
     <span class='ocr_line' id='line_1_38' title="bbox 107 4268 1245 4341; baseline 0.003 -22"><span class='ocrx_word' id='word_1_311' title='bbox 107 4272 155 4331; x_wconf 56' lang='lat'>,16</span> <span class='ocrx_word' id='word_1_312' title='bbox 173 4268 329 4339; x_wconf 81' lang='lat' dir='ltr'>cuiusdam]</span> <span class='ocrx_word' id='word_1_313' title='bbox 350 4272 472 4323; x_wconf 85' lang='lat' dir='ltr'>eiusdem</span> <span class='ocrx_word' id='word_1_314' title='bbox 491 4284 508 4327; x_wconf 82' lang='grc' dir='ltr'><strong><em>ς</em></strong></span> <span class='ocrx_word' id='word_1_315' title='bbox 576 4275 683 4323; x_wconf 84' lang='lat' dir='ltr'>orantis</span> <span class='ocrx_word' id='word_1_316' title='bbox 702 4274 930 4341; x_wconf 86' lang='lat' dir='ltr'>obseruantisque</span> <span class='ocrx_word' id='word_1_317' title='bbox 948 4278 989 4324; x_wconf 82' lang='lat' dir='ltr'>Dr</span> <span class='ocrx_word' id='word_1_318' title='bbox 1057 4276 1089 4324; x_wconf 78' lang='lat' dir='ltr'>lv</span> <span class='ocrx_word' id='word_1_319' title='bbox 1108 4274 1207 4324; x_wconf 86' lang='lat' dir='ltr'>fecerit</span> <span class='ocrx_word' id='word_1_320' title='bbox 1224 4276 1245 4322; x_wconf 84' lang='grc'>1)</span> 
     </span>
     <span class='ocr_line' id='line_1_39' title="bbox 122 4336 1314 4407; baseline 0.002 -17"><span class='ocrx_word' id='word_1_321' title='bbox 122 4341 155 4390; x_wconf 85' lang='grc'>20</span> <span class='ocrx_word' id='word_1_322' title='bbox 172 4336 310 4407; x_wconf 81' lang='lat' dir='ltr'>manebit]</span> <span class='ocrx_word' id='word_1_323' title='bbox 330 4341 505 4406; x_wconf 84' lang='lat' dir='ltr'>manebitque</span> <span class='ocrx_word' id='word_1_324' title='bbox 523 4355 541 4389; x_wconf 79' lang='lat' dir='ltr'>a</span> <span class='ocrx_word' id='word_1_325' title='bbox 609 4343 745 4407; x_wconf 84' lang='lat' dir='ltr'>quianon</span> <span class='ocrx_word' id='word_1_326' title='bbox 763 4357 780 4391; x_wconf 79' lang='lat' dir='ltr'>a</span> <span class='ocrx_word' id='word_1_327' title='bbox 799 4349 827 4393; x_wconf 90' lang='lat' dir='ltr'>et</span> <span class='ocrx_word' id='word_1_328' title='bbox 844 4359 900 4393; x_wconf 90' lang='lat' dir='ltr'>non</span> <span class='ocrx_word' id='word_1_329' title='bbox 917 4347 959 4405; x_wconf 80' lang='lat' dir='ltr'>Dp</span> <span class='ocrx_word' id='word_1_330' title='bbox 977 4344 1026 4393; x_wconf 89' lang='lat' dir='ltr'>sed</span> <span class='ocrx_word' id='word_1_331' title='bbox 1044 4357 1099 4393; x_wconf 89' lang='lat' dir='ltr'>non</span> <span class='ocrx_word' id='word_1_332' title='bbox 1116 4354 1152 4396; x_wconf 75' lang='grc' dir='ltr'>ις</span> <span class='ocrx_word' id='word_1_333' title='bbox 1219 4344 1251 4392; x_wconf 93' lang='grc'>21</span> <span class='ocrx_word' id='word_1_334' title='bbox 1270 4343 1314 4392; x_wconf 83' lang='lat' dir='ltr'>In·</span> 
     </span>
     <span class='ocr_line' id='line_1_40' title="bbox 124 4408 1314 4477; baseline 0.004 -21"><span class='ocrx_word' id='word_1_335' title='bbox 124 4408 247 4458; x_wconf 85' lang='lat' dir='ltr'>citantur</span> <span class='ocrx_word' id='word_1_336' title='bbox 264 4419 303 4463; x_wconf 77' lang='grc' dir='ltr'>ςο,</span> <span class='ocrx_word' id='word_1_337' title='bbox 320 4409 441 4458; x_wconf 82' lang='lat' dir='ltr'>citantur</span> <span class='ocrx_word' id='word_1_338' title='bbox 458 4423 494 4471; x_wconf 87' lang='lat' dir='ltr'>pr</span> <span class='ocrx_word' id='word_1_339' title='bbox 511 4411 611 4459; x_wconf 72' lang='lat' dir='ltr'>ortatur</span> <span class='ocrx_word' id='word_1_340' title='bbox 628 4412 650 4458; x_wconf 85' lang='lat' dir='ltr'>I)</span> <span class='ocrx_word' id='word_1_341' title='bbox 754 4411 789 4461; x_wconf 90' lang='lat' dir='ltr'>ad</span> <span class='ocrx_word' id='word_1_342' title='bbox 809 4410 1002 4477; x_wconf 84' lang='lat' dir='ltr'>cognoscenda</span> <span class='ocrx_word' id='word_1_343' title='bbox 1019 4412 1066 4467; x_wconf 81' lang='grc' dir='ltr'>Ιλς</span> <span class='ocrx_word' id='word_1_344' title='bbox 1084 4409 1120 4461; x_wconf 85' lang='lat' dir='ltr'>ad</span> <span class='ocrx_word' id='word_1_345' title='bbox 1137 4410 1314 4475; x_wconf 85' lang='lat' dir='ltr'>agnoscenda</span> 
     </span>
     <span class='ocr_line' id='line_1_41' title="bbox 102 4476 432 4542; baseline 0 -17"><span class='ocrx_word' id='word_1_346' title='bbox 102 4486 105 4490; x_wconf 72' lang='grc'><strong><em>’</em></strong></span> <span class='ocrx_word' id='word_1_347' title='bbox 122 4487 160 4538; x_wconf 77' lang='grc' dir='ltr'>ρο.</span> <span class='ocrx_word' id='word_1_348' title='bbox 176 4476 213 4526; x_wconf 85' lang='lat' dir='ltr'>ad</span> <span class='ocrx_word' id='word_1_349' title='bbox 230 4476 401 4542; x_wconf 81' lang='lat' dir='ltr'>ignoscenda</span> <span class='ocrx_word' id='word_1_350' title='bbox 418 4491 432 4525; x_wconf 87' lang='lat' dir='ltr'>r</span> 
     </span>
    </p>
   </div>
   <div class='ocr_carea' id='block_1_9' title="bbox 172 4544 1109 4687">
    <p class='ocr_par' dir='ltr' id='par_1_11' title="bbox 172 4544 1109 4687">
     <span class='ocr_line' id='line_1_42' title="bbox 188 4544 814 4610; baseline 0.003 -16"><span class='ocrx_word' id='word_1_351' title='bbox 188 4545 311 4596; x_wconf 87' lang='lat' dir='ltr'><strong>XXVIII</strong></span> <span class='ocrx_word' id='word_1_352' title='bbox 327 4546 361 4594; x_wconf 78' lang='grc'>25</span> <span class='ocrx_word' id='word_1_353' title='bbox 380 4544 429 4594; x_wconf 90' lang='lat' dir='ltr'>sed</span> <span class='ocrx_word' id='word_1_354' title='bbox 447 4550 503 4597; x_wconf 88' lang='lat' dir='ltr'>tres</span> <span class='ocrx_word' id='word_1_355' title='bbox 521 4561 538 4595; x_wconf 83' lang='lat' dir='ltr'>a</span> <span class='ocrx_word' id='word_1_356' title='bbox 556 4551 584 4597; x_wconf 92' lang='lat' dir='ltr'>et</span> <span class='ocrx_word' id='word_1_357' title='bbox 602 4563 645 4599; x_wconf 87' lang='lat' dir='ltr'>res</span> <span class='ocrx_word' id='word_1_358' title='bbox 662 4549 685 4596; x_wconf 84' lang='lat' dir='ltr'>n</span> <span class='ocrx_word' id='word_1_359' title='bbox 703 4550 760 4597; x_wconf 84' lang='lat' dir='ltr'>tres</span> <span class='ocrx_word' id='word_1_360' title='bbox 778 4562 814 4610; x_wconf 80' lang='lat' dir='ltr'>pr</span> 
     </span>
     <span class='ocr_line' id='line_1_43' title="bbox 172 4627 1109 4687; baseline -0.001 -17"><span class='ocrx_word' id='word_1_361' title='bbox 172 4629 240 4670; x_wconf 79' lang='lat' dir='ltr'>Pnnvr</span> <span class='ocrx_word' id='word_1_362' title='bbox 252 4637 324 4670; x_wconf 74' lang='lat' dir='ltr'>arur.</span> <span class='ocrx_word' id='word_1_363' title='bbox 338 4637 376 4669; x_wconf 81' lang='lat' dir='ltr'>no.</span> <span class='ocrx_word' id='word_1_364' title='bbox 390 4627 457 4670; x_wconf 79' lang='lat' dir='ltr'>Karn.</span> <span class='ocrx_word' id='word_1_365' title='bbox 1078 4637 1109 4687; x_wconf 68' lang='grc' dir='ltr'>ῃ</span> 
     </span>
    </p>
   </div>
   <div class='ocr_carea' id='block_1_10' title="bbox 0 0 1516 5062">
    <p class='ocr_par' dir='ltr' id='par_1_12' title="bbox 0 0 1516 5062">
     <span class='ocr_line' id='line_1_44' title="bbox 0 0 1516 5062; baseline 0 1"><span class='ocrx_word' id='word_1_366' title='bbox 0 0 1516 5062; x_wconf 95' lang='lat' dir='ltr'> </span> 
     </span>
    </p>
   </div>
  </div>
 </body>
</html>
