3024 5062
588 285 798 333 PRAEFATIO.
1220 285 1294 333 XLV

92 435 157 499 hoc
180 440 312 501 auctore
333 457 409 500 usus
432 437 682 522 discrepantiam
698 439 875 522 scripturae
890 437 1062 521 adscripsi3
1084 459 1198 521 pauca,
1214 459 1295 522 quae

93 536 129 600 in
154 538 264 602 codice
285 559 352 602 non
374 539 453 603 11611
476 542 563 603 11161
585 539 796 623 apparebant,
819 538 984 603 inclinatis
1007 538 1125 603 litteris
1147 560 1296 623 expressa

94 641 184 706 sunt.
208 640 248 704 de
271 640 341 724 ipso
364 640 471 704 codice
494 643 602 704 autem
623 643 767 725 repetam
789 662 870 724 quae
897 643 933 704 in
956 641 1226 704 commentatione.
1245 640 1295 704 his

96 739 213 805 diebus
240 742 276 804 in
308 741 518 806 universitate
545 740 680 805 Halensi
710 742 796 806 edita
819 742 880 806 '‘de
914 741 1039 806 schedis
1072 742 1294 807 Ambrosianis

94 842 263 925 rescriptis
284 844 475 928 panegyrici
497 842 608 907 Plinii'
638 842 809 926 disputavi.
848 845 998 926 quattuor
1019 843 1119 927 igitur
1140 844 1296 908 membra-

94 965 213 1008 narum
233 943 313 1008 folia
334 946 386 1009 vel
408 946 471 1009 duo
498 943 647 1008 foliorum
668 943 775 1027 paria,
804 965 885 1028 quae
913 946 1059 1024 nuncin
1081 945 1294 1009 Ambrosiano

97 1045 207 1110 codice
232 1049 445 1126 numerantur
465 1068 496 1129 p.
519 1045 571 1110 21.
587 1045 737 1115 222227.
760 1044 802 1109 28
825 1049 858 1109 et
871 1068 902 1129 p.
919 1046 992 1110 361.
1016 1045 1209 1115 362w36l.
1222 1047 1294 1129 368,

96 1168 135 1210 ex
168 1150 275 1213 vetere
299 1147 399 1211 Plinii
432 1146 539 1211 codice
572 1147 683 1211 relicta
712 1149 797 1210 sunt.
846 1146 901 1211 sed
935 1168 973 1210 ex
1002 1145 1052 1210 his
1079 1146 1165 1211 foliis
1193 1169 1294 1211 unum

95 1272 127 1333 p.
144 1249 219 1314 367.
243 1249 316 1333 368,
341 1270 533 1332 quemquam
555 1247 588 1311 id
610 1269 734 1332 quoque
757 1247 798 1311 ad
813 1248 949 1312 eundem
970 1247 1111 1314 codicem
1132 1249 1294 1333 pertinere

95 1353 249 1435 apparet,
272 1353 378 1415 vetere
401 1349 561 1434 scriptura
588 1352 691 1414 vacat.
729 1350 764 1413 in
793 1349 923 1433 reliquis
946 1349 1049 1413 tribus
1077 1350 1198 1433 scripta
1220 1353 1296 1414 sunt

94 1452 192 1536 haec,
219 1452 244 1516 f.
268 1453 341 1516 361.
365 1451 428 1516 362
455 1462 579 1529 uterque
607 1458 735 1531 optemus
761 1473 793 1534 p.
817 1450 891 1534 324,
918 1450 1079 1533 13-326,
1103 1451 1124 1514 2
1153 1458 1295 1516 tumultus

91 1557 223 1630 suisset:
245 1553 267 1616 f.
290 1553 342 1617 21.
366 1553 407 1616 28
430 1558 635 1616 uerecundiae
656 1559 843 1631 1111111111
864 1574 896 1635 p.
912 1552 985 1635 382,
1000 1551 1138 1635 8-383,
1157 1552 1293 1632 1511111-

95 1662 174 1736 cipe's
202 1667 309 1734 utque:
336 1654 360 1718 f.
382 1653 435 1717 21.
459 1653 500 1716 22
528 1659 640 1718 amicos
663 1674 778 1733 parere
807 1676 839 1737 p.
863 1654 936 1736 388,
960 1654 1097 1736 6-389‚
1123 1655 1159 1717 ll
1189 1666 1218 1718 et
1243 1661 1295 1719 ille

95 1764 159 1836 qui.
192 1756 228 1820 in
261 1756 393 1820 summis
428 1755 629 1840 marginibus
661 1754 829 1838 inscriptio
862 1754 1016 1818 orationis
1049 1755 1161 1819 eadem
1193 1777 1291 1820 mauu

95 1859 218 1942 scripta
241 1857 376 1936 116161,
401 1879 433 1941 p.
457 1855 529 1921 361.
551 1856 603 1919 21.
628 1857 668 1920 21
688 1863 924 1939 1111111116,
947 1857 1291 1940 11362151111111111,

94 1982 125 2043 p.
149 1960 201 2024 22.
224 1959 513 2039 2811111111111.
542 1961 691 2041 quartum
713 1961 818 2024 autem
846 1958 974 2042 folium,
1010 1961 1179 2043 propterea
1207 1959 1291 2043 quod

95 2061 235 2126 nihilin
258 2060 472 2144 suscriptum
500 2063 585 2143 erat,
615 2081 682 2124 non
709 2060 816 2143 potuit
844 2061 907 2124 nisi
934 2061 970 2124 in
991 2060 1150 2144 principio
1173 2060 1289 2124 codicis

94 2162 146 2226 vel
168 2166 269 2245 certe,
294 2163 321 2226 si
343 2167 418 2226 ante
434 2162 531 2226 Plinii
554 2163 732 2226 orationem
755 2162 818 2226 alia
839 2163 959 2247 scripto
975 2162 1120 2246 fuerunt,
1145 2163 1179 2226 in
1202 2163 1290 2247 prin·

96 2265 180 2349 cipio
202 2264 356 2329 orationis
379 2264 465 2348 poni.
502 2267 668 2348 praeterea
695 2263 733 2327 de
760 2263 899 2347 pristina
927 2263 1185 2328 membranarum
1208 2285 1292 2328 com›

96 2387 182 2451 page
204 2365 288 2430 nihil
310 2367 439 2430 constat
452 2365 516 2429 nisi
537 2364 615 2449 hoc,
638 2366 723 2429 iuter
744 2365 821 2429 bina
835 2365 914 2429 folia
927 2366 1091 2449 utriusque
1106 2365 1193 2449 paris
1208 2367 1289 2449 quod

94 2466 242 2532 relictum
264 2470 313 2532 est
334 2470 489 2551 quaterna
510 2467 604 2551 folia,
626 2468 687 2532 hoc
709 2470 758 2531 est
779 2467 895 2530 iterum
916 2466 994 2530 bina
1014 2467 1165 2532 foliorum
1186 2469 1287 2552 paria,

93 2569 238 2653 periisse.
276 2591 352 2633 nam
383 2570 424 2633 ab
451 2570 545 2634 initio
574 2569 728 2633 orationis
750 2591 848 2654 usque
878 2569 918 2633 ad
941 2590 1013 2632 eum
1033 2568 1154 2652 locum,
1185 2590 1288 2653 aquo

92 2671 359 2755 primum-folium
369 2672 493 2755 incipit,
515 2674 643 2755 praeter
664 2671 907 2754 inscriptionem
922 2670 1079 2749 orationis*
1091 2671 1126 2735 in
1141 2670 1203 2735 hac
1223 2670 1288 2735 edi·
1329 2672 1332 2677 '

92 2775 182 2839 tione
194 2776 403 2838 numerantur
413 2795 522 2838 versus
543 2773 611 2838 fere
624 2777 756 2838 centum·
764 2777 796 2837 et
807 2773 1052 2858 quinquaginta.
1076 2774 1162 2838 inter
1177 2795 1287 2838 secun-

93 2876 170 2940 dum
181 2878 288 2940 autem
301 2878 333 2939 16
347 2874 478 2937 tertium
489 2873 603 2938 folium
620 2875 736 2939 desunt
751 2896 860 2940 versus
877 2877 1005 2940 centum
1017 2878 1050 2940 16
1058 2875 1288 2960 undetriginta.

94 2978 185 3062 atqui
199 2977 234 3041 in
249 2976 386 3061 singulis
403 2976 591 3041 schedarum
608 2977 738 3061 paginis
753 2977 787 3040 in
807 2977 912 3061 prima
940 2980 1031 3061 parte
1053 2978 1207 3042 orationis
1222 2978 1290 3044 fere

94 3080 285 3144 undeviceni
307 3101 417 3143 versus
439 3077 532 3158 huius
555 3079 702 3165 editionis
724 3080 836 3167 scripti
853 3081 956 3161 sunt,
985 3080 1020 3142 in
1036 3083 1196 3162 postrema
1218 3081 1288 3144 seni

93 3181 179 3246 deni.
203 3201 281 3266 ergo
304 3185 445 3264 utroque·
458 3180 529 3271 loco
550 3181 591 3244 ad
608 3202 645 3245 ea
668 3201 749 3265 quae
771 3181 888 3244 desunt
902 3180 1070 3244 scribenda
1086 3181 1209 3245 octonis
1230 3204 1286 3266 pa-

92 3284 180 3368 ginis
192 3304 272 3367 opus
283 3282 356 3347 fuit.
373 3282 565 3366 scripturam
578 3284 684 3345 autem
700 3281 817 3346 codicis
829 3304 867 3346 ex
879 3303 916 3346 eo
928 3303 1046 3366 genere
1058 3281 1141 3365 quod
1151 3284 1289 3347 semiun-

94 3384 174 3449 ciale
197 3384 293 3468 vulgo
308 3383 425 3448 dicitur
440 3384 480 3447 ad
495 3386 641 3460 octavum
656 3383 707 3447 vel
722 3384 893 3468 septimum
909 3383 1070 3448 saeculum
1086 3384 1289 3449 referendum

93 3507 164 3551 esse
186 3485 385 3561 existimavit
403 3485 597 3570 Kruegerus.
622 3506 687 3549 non
714 3488 816 3568 recte,
840 3489 880 3559 116
907 3485 1043 3568 videtur,
1067 3485 1188 3569 Maius,
1219 3508 1290 3551 cum

94 3594 169 3653 acta
192 3587 320 3651 concilii
335 3586 622 3670 Chalcedonensis,
646 3609 727 3670 quae
748 3588 783 3651 in
805 3586 924 3652 chartis
939 3586 1154 3672 palimpsestis
1170 3589 1290 3672 scripta

93 3692 185 3773 sunt,
210 3690 345 3773 septimo
368 3691 423 3753 aut
445 3693 558 3754 octavo
574 3688 699 3753 saeculo
714 3689 881 3754 tribuisset
895 3689 994 3774 praef.
1011 3688 1131 3772 Symm.
1148 3712 1179 3773 p.
1197 3688 1288 3774 XIII,

94 3791 262 3875 antiquam
295 3791 487 3874 scripturam
521 3790 637 3854 ‘medio
671 3790 802 3854 saeculo.
830 3793 919 3855 sexto
952 3792 1103 3854 seriorem
1133 3813 1290 3856 essenon

93 3897 199 3975 posse'
223 3892 457 3975 adfirmaverat.
486 3894 638 3975 ‘ceterum
660 3892 755 3956 Plinii
784 3893 969 3976 fragmenta
991 3897 1119 3958 ‘coaeva
1141 3893 1235 3976 plane
1258 3898 1290 3959 16

92 3994 133 4058 ab
156 3994 267 4059 eodem
288 4015 351 4079 quo
374 3980 967 4078 811111111111111111111111111161
992 4016 1060 4058 esse
1083 3995 1161 4059 dicit
1174 3995 1287 4060 Maius.
1355 4036 1358 4041 -

91 4096 127 4160 11
149 4117 216 4160 uno
239 4097 346 4161 codice
374 4097 474 4182 igitur
496 4096 594 4160 Plinii
621 4097 835 4180 panegyricus
863 4099 896 4160 et
918 4095 1101 4181 Symmachi
1129 4098 1289 4162 orationes

92 4198 233 4282 scriptae
265 4196 365 4289 fuisse
404 4198 561 4280 videntur.
600 4196 784 4281 Symmachi
823 4200 929 4262 autem
962 4199 1176 4282 eloquentiam
1213 4201 1288 4265 olim

90 4301 224 4384 propter
245 4299 348 4365 simile
371 4299 498 4365 dicendi
520 4320 622 4384 genus
646 4322 716 4364 cum
746 4300 928 4385 eloquentia
949 4300 1048 4365 Plinii
1070 4306 1289 4386 comparatam

91 4422 162 4465 esse
184 4401 279 4465 docet
300 4401 482 4467 Macrobius
504 4405 563 4465 116.
586 4400 634 4466 VI
657 4403 685 4465 1.
802 4469 803 4472 1
919 4455 920 4460 ,

179 4501 329 4568 Oodicem
352 4505 470 4590 igitur,
494 4504 583 4569 cuius
606 4525 727 4587 paucae
750 4505 955 4571 membranae
970 4528 1048 4591 quas
1070 4507 1136 4571 dixi
1158 4509 1288 4574 relictae
