3024 5062
199 283 284 330 xxiv
693 277 899 328 PRAEFATIO.

197 435 271 500 dam
295 457 332 498 ex
354 434 394 497 iis
409 455 491 517 quae
512 433 544 496 in
561 431 721 516 prioribus
737 432 972 516 exemplaribus
987 455 1053 497 non
1068 432 1256 496 ferebantur
1271 430 1392 496 attulit.

198 537 236 602 de
259 536 367 603 codice
390 537 496 598 aulem
519 555 641 617 exque
663 532 744 597 haee
772 534 969 617 deprompsit
990 534 1103 598 scribit
1124 533 1218 616 haec,
1244 533 1262 595 f
1280 532 1322 597 32
1344 533 1393 598 ed.

196 640 330 703 Ascens.
355 659 383 699 a.
410 637 491 700 1516
522 642 630 700 Verum
652 640 729 700 ilaec
751 642 878 715 epistola
902 635 996 720 (VIII
1015 636 1067 721 10)
1083 646 1112 700 et
1134 641 1215 699 uliae
1237 654 1296 698 non
1315 655 1393 714 pau·

196 762 251 805 cue
273 747 304 803 in
327 745 480 804 codicibus
501 744 654 818 impressis
684 759 743 802 non
766 742 924 816 lepuntur:
952 759 1006 802 nos
1035 745 1186 817 inteprum
1210 739 1311 812 ferme
1332 741 1395 800 Pli-

196 850 279 908 nium
300 847 461 906 laudemus:
480 845 611 918 primum
633 845 719 918 apud
741 844 875 903 Parisios
896 850 1049 918 repertum
1072 859 1166 918 opera
1187 842 1322 902 iucundi
1340 858 1395 901 sa·
1476 861 1485 878 ·

196 947 344 1009 cerdatis:
358 946 487 1005 leminis
503 947 672 1020 antiquarii
685 946 909 1020 Architectique
919 944 1109 1019 semiperati.
1134 939 1268 1003 eundem
1276 938 1395 1003 librum

197 1043 324 1108 brevius
349 1042 608 1106 commemoravit
628 1041 652 1104 f.
675 1041 718 1105 54
740 1044 773 1106 01
793 1042 818 1104 f.
846 1043 921 1106 170:
946 1041 985 1106 ef.
1009 1065 1040 1125 p.
1056 1042 1130 1123 220,
1149 1041 1188 1104 13
1204 1042 1236 1104 01
1250 1039 1394 1124 alara.

198 1145 280 1210 addo
302 1165 382 1227 quae
405 1143 443 1207 de
467 1144 577 1206 eodem
600 1145 632 1206 01
655 1142 694 1206 (10
709 1142 853 1207 Mediceo
877 1143 984 1206 codiee
1000 1143 1185 1208 Calanaeus
1206 1141 1241 1206 in
1258 1141 1396 1225 epistula

199 1246 238 1311 ad
261 1244 443 1311 Sadoleium
466 1244 625 1308 secundae
648 1243 782 1306 editioni
803 1243 901 1309 Plinii
924 1266 951 1307 a.
971 1243 1052 1307 1518
1075 1241 1251 1327 praemissa
1273 1243 1396 1326 scribit,

199 1354 343 1413 Miseram
372 1350 552 1425 iampridem
580 1351 810 1409 commentarios
837 1352 868 1409 in
896 1366 949 1409 eas
979 1351 1070 1410 Plinii
1092 1350 1216 1409 Caecilii
1236 1352 1395 1425 epistolas:

196 1469 273 1529 puae
291 1452 377 1525 forte
399 1459 470 1512 tuac
493 1453 659 1525 impressae
680 1449 986 1522 circumferebantur.
1027 1450 1182 1510 Caeterum
1202 1468 1269 1512 cum
1288 1457 1396 1527 postea

197 1555 324 1615 Romam
347 1556 505 1613 uenissem:
535 1568 573 1611 ac
599 1568 666 1611 cum
689 1552 843 1611 Dominico
868 1553 1045 1612 Mamiliano
1067 1553 1135 1612 uiro
1157 1554 1188 1611 in
1210 1553 1295 1612 libris
1316 1556 1395 1613 anti-

198 1673 276 1731 quae
297 1657 432 1715 lectionis
451 1653 665 1729 perquirendis
679 1654 905 1726 dilipentissimo
920 1655 1151 1714 beniuolentiam
1166 1656 1394 1729 contraxissem,

198 1760 368 1834 descriptas
389 1757 463 1816 milei
483 1756 521 1815 cle
543 1757 741 1815 uetustissimo
763 1755 867 1815 codice
886 1756 1064 1830 ceretaniae
1085 1756 1189 1830 plures
1212 1757 1255 1815 ud
1278 1755 1398 1816 Traia-

199 1877 286 1921 num:
309 1865 337 1919 et
360 1861 484 1933 insuper
506 1857 653 1931 quasdam
676 1857 807 1917 eiusdem
829 1857 925 1916 Plinii
945 1857 988 1915 ad
1002 1859 1115 1917 amicos
1133 1859 1275 1932 epistolas
1295 1860 1396 1932 tepen-

199 1964 256 2022 clas
277 1962 397 2021 obtulit:
430 1976 508 2033 quae
541 1960 578 2017 de
604 1959 683 2018 libro
712 1965 821 2019 octauo
850 1960 1045 2018 exciderant:
1078 1961 1104 2018 is
1127 1965 1227 2019 autem
1248 1976 1396 2035 peruerse

199 2070 272 2124 tunc
304 2063 412 2122 ordine
445 2076 540 2122 nonus
574 2061 818 2135 imprimebatur:
851 2060 903 2119 ubi
932 2076 987 2120 aas
1012 2057 1108 2120 'etium
1137 2066 1198 2121 tum
1220 2063 1397 2122 coniectura

195 2164 358 2238 fueramus
380 2164 510 2224 assecuti
530 2165 613 2237 ipsas
635 2163 819 2236 interceptus
837 2159 953 2232 fuisse:
986 2168 1174 2238 quapropter
1200 2164 1340 2224 lectorem
1362 2181 1398 2223 eo

198 2273 263 2327 loco
285 2268 367 2328 istud
388 2269 472 2328 clare
500 2265 761 2324 admonueramus.
800 2263 909 2337 Itaque
936 2279 973 2320 ne
1001 2264 1073 2322 illue
1102 2265 1232 2340 amplius
1253 2271 1398 2339 tanquam

201 2385 313 2444 corpus
335 2383 475 2427 mancum
498 2367 693 2426 oberrarent:
721 2371 749 2424 et
771 2367 911 2424 inuentus
929 2365 1049 2450 pariter
1071 2367 1337 2442 interpretandas:
1370 2373 1399 2426 el

200 2471 265 2530 loco
287 2486 342 2531 suo
365 2484 465 2529 omrres
487 2469 703 2544 imprimendas
724 2465 908 2527 studuimus:
931 2467 1044 2526 additis
1060 2473 1227 2542 praeterea
1248 2475 1278 2528 et
1293 2470 1397 2528 immu-

201 2573 269 2631 tatis
292 2571 469 2645 quibusdam
492 2571 523 2629 in
544 2569 751 2645 superioribus
772 2570 1010 2629 commentariis:
1034 2585 1112 2644 quae
1133 2572 1324 2631 necessaria:
1347 2581 1399 2632 aut

201 2674 327 2734 meliora
350 2673 551 2733 uidebantur:
578 2674 609 2730 iu
631 2688 690 2745 pao
709 2671 897 2747 perficiendo
921 2670 1111 2731 adiutoribus
1133 2673 1181 2731 usi
1200 2688 1302 2733 sumus
1324 2676 1399 2734 uiris

202 2775 381 2836 doctissimis
406 2773 518 2832 Tironea
540 2773 698 2833 Phaedro:
721 2775 862 2849 Baptista
884 2773 956 2850 Pio,
979 2779 1008 2832 el
1031 2771 1306 2835 AndreuAlciuto:
1329 2777 1399 2850 qui-

202 2877 255 2936 bus
276 2893 312 2935 eo
334 2878 430 2950 mapis
453 2876 606 2935 debemus:
629 2873 711 2949 quod
731 2878 761 2935 in
776 2876 949 2936 huiusmodi
970 2874 1074 2948 officio
1096 2876 1179 2936 nabis
1201 2878 1349 2938 alacriter
1371 2886 1400 2939 et

195 2983 322 3053 praesto
353 2980 488 3052 affuere:
524 2978 661 3051 quodque
690 2979 830 3051 plerique
864 2979 919 3036 alii
944 2983 1134 3052 praestantes
1161 2979 1300 3038 doctrina
1322 2981 1399 3040 uiri:

203 3095 276 3154 quos
297 3078 475 3154 suppliciter
496 3094 729 3152 ropaueramus:
764 3094 886 3154 operam
913 3095 999 3139 suum
1027 3086 1133 3155 aperte
1160 3082 1208 3139 uel
1229 3096 1287 3140 non
1307 3097 1399 3157 prae-

201 3182 359 3240 stiterunt:
382 3182 431 3240 uel
445 3181 615 3256 differendo
629 3178 886 3255 subterfuperunt.
925 3181 1056 3241 Accessit
1077 3181 1121 3240 ad
1134 3198 1240 3241 curum
1262 3189 1399 3243 nostram

202 3281 369 3342 earundem
391 3284 586 3357 epistolarum
609 3284 809 3357 antiquissimi
828 3283 940 3343 codicis
962 3282 1126 3354 Pontificii:
1155 3284 1208 3357 qui
1227 3300 1294 3344 cum
1316 3284 1400 3343 libris

203 3386 334 3458 quinque
356 3383 489 3444 Cornelii
515 3383 614 3445 Taciti
633 3401 731 3460 nuper
753 3387 882 3471 inuentis
903 3386 1081 3445 coniunctus
1099 3383 1222 3456 fuerat·
1239 3401 1300 3460 per
1323 3386 1399 3447 Pai-

203 3487 318 3561 lippum
341 3486 525 3545 Beroulaum
553 3486 706 3546 Iuniorem
733 3488 880 3561 elepantis
909 3488 1067 3547 doctrinae
1098 3488 1197 3547 uirum
1220 3489 1402 3562 inspiciendi

199 3587 353 3660 facultas:
376 3588 480 3660 quibus
503 3589 638 3648 omnibus
659 3592 799 3664 effectum
820 3595 880 3649 est:
907 3594 940 3648 ut
961 3591 992 3648 ia
1012 3589 1186 3664 praesentia
1208 3591 1356 3650 clariores
1370 3599 1399 3650 et

203 3689 420 3749 emendatiores
448 3706 537 3765 quam
560 3707 691 3765 unquam
718 3697 809 3751 antea
838 3694 869 3752 ia
897 3692 993 3750 lucem
1016 3693 1148 3751 ueniant.
1187 3708 1290 3770 neque
1313 3687 1398 3751 enim

204 3786 344 3850 dubitari
365 3789 474 3870 polest
500 3787 579 3871 quin
601 3787 821 3872 germanicum
849 3788 990 3853 codicem
1013 3787 1193 3854 Oaiauaeus
1220 3788 1306 3853 (11001
1327 3811 1399 3854 eum

203 3909 298 3971 quem
313 3887 461 3953 Budaeus
484 3892 517 3953 01
530 3888 631 3954 Aldus
654 3890 772 3954 rectius
794 3890 830 3954 in
845 3889 952 3954 Gallia
966 3889 1133 3954 inventum
1155 3911 1222 3955 esse
1238 3889 1397 3956 dixerunt.

205 3989 362 4056 namhoc
385 3990 452 4055 solo
474 3991 572 4056 Plinii
601 3994 633 4055 01
653 3991 787 4056 Traiani
815 3991 969 4075 epistulas
992 3995 1135 4056 servalas
1163 4014 1232 4057 esse
1262 3994 1398 4058 constal.

204 4092 259 4156 sed
282 4113 370 4157 nunc
397 4095 525 4176 praeter
557 4115 660 4176 pauca
694 4115 774 4177 quae
802 4093 950 4157 Budaeus
984 4115 1023 4157 ex
1056 4093 1111 4157 illo
1145 4094 1252 4158 codice
1274 4095 1400 4160 rettulit

205 4194 308 4258 omnis
331 4194 397 4259 eius
420 4195 572 4258 memoria
594 4217 632 4259 ex
655 4195 775 4259 Aldina
798 4195 937 4260 editione
959 4194 1099 4279 pelenda
1119 4197 1176 4260 est.
1202 4195 1399 4281 cuiusquam

204 4297 329 4361 ineerta
350 4296 385 4361 in
408 4319 445 4360 ea
468 4318 502 4361 re
517 4296 594 4361 fides
618 4297 674 4381 sii,
691 4298 748 4361 ‘vel
764 4297 838 4360 inde
853 4296 1061 4381 perspicitur,
1085 4296 1169 4382 quod
1191 4297 1293 4362 Aldus
1308 4321 1399 4383 prae·

206 4399 254 4461 101
276 4397 381 4481 ipsum
404 4397 542 4462 codicem
565 4401 597 4462 01
619 4398 841 4483 apographum
869 4422 888 4463 a
909 4399 1052 4464 Iucunda
1075 4398 1255 4465 Veronensi
1275 4401 1398 4465 facium

207 4501 240 4564 01
261 4520 316 4565 sex
343 4498 406 4565 alia
429 4500 624 4584 exemplaria
652 4500 703 4564 vel
730 4522 828 4565 manu
856 4501 976 4584 scripta
1007 4500 1058 4564 vel
1087 4522 1159 4565 cum
1186 4500 1277 4567 libris
1300 4524 1401 4569 manu
