3024 5062
475 243 732 293 ⁴mrmomucus
755 240 795 288 aa.
811 239 852 287 ar.
867 239 908 287 aa.
1241 221 1304 286 339

116 424 190 469 cum
212 405 245 467 te
266 403 438 486 parentum
459 400 631 464 liberorum
654 419 766 463 senum
792 395 967 461 infantium
994 414 1163 478 puerorum
1186 392 1306 458 clamor

115 505 286 588 exciperet.
317 503 396 567 haec
418 503 523 587 prima
537 501 741 587 parvulorum
757 500 872 564 civium
886 519 948 563 vox
971 518 1062 561 aures
1085 499 1158 562 tuas
1179 496 1305 579 imbuit,

115 607 230 690 quibus
251 609 287 670 tu
309 606 441 668 daturus
464 604 617 668 alimenta
639 603 700 668 hoc
722 602 895 666 maximum
917 600 1123 686 praestitisti,
1152 622 1193 664 ne
1215 621 1307 685 roga-

115 711 199 771 rent.
237 706 462 790 superomnia
485 708 665 770 esttamen
696 705 778 789 quod
807 704 882 769 talis
905 724 953 787 es,
983 706 1019 767 ut
1047 701 1106 767 sub
1131 705 1164 766 te
1191 703 1308 767 liberos

90 808 226 872 stollere
257 808 358 872 libeat
385 806 543 891 expediat.
581 828 675 871 nemo
702 808 768 870 iam
789 827 907 891 parens
934 805 1000 869 filio
1028 805 1091 868 nisi
1119 804 1309 889 fragilitatis
1318 803 1358 866 27

117 909 275 973 humanae
302 909 388 973 vices
416 908 541 992 horret,
576 930 637 973 nec
663 909 748 973 inter
775 907 971 972 insanabiles
999 907 1125 971 morbos
1153 906 1309 991 principis

114 1012 166 1076 ,ira
197 1015 395 1076 numeratur.
444 1032 599 1095 magnum
634 1011 760 1095 quidem
794 1015 843 1075 est
876 1009 1033 1074 educandi
1065 1009 1311 1073 incitamentum
1411 995 1415 1012 '

117 1113 229 1177 tollere
261 1112 379 1177 liberos
411 1111 446 1175 in
480 1133 570 1196 spem
598 1112 840 1197 alimentorum,
875 1113 910 1176 in
942 1133 1030 1196 spem
1060 1111 1311 1196 congiariorum3
1377 1154 1383 1164 ·

119 1215 222 1278 maius
244 1216 354 1278 tamen
376 1214 412 1277 in
434 1235 524 1298 spem
537 1214 713 1299 libertatis,
737 1217 772 1279 in
795 1237 884 1300 spem
899 1214 1092 1279 securitatis.
1124 1217 1219 1297 atque
1234 1213 1311 1277 adeo

81 1343 106 1381 10
118 1316 202 1381 nihil
222 1315 382 1400 largiatur
402 1316 569 1400 princeps,
594 1316 668 1381 dum
684 1317 765 1381 nihil
788 1317 931 1401 auferat3
954 1338 1020 1381 non
1043 1315 1125 1396 alat,
1148 1317 1223 1380 dum
1244 1338 1311 1380 non

120 1418 259 1483 occidat:
282 1438 342 1481 nec
365 1417 499 1480 deerunt
520 1417 575 1501 qui
595 1418 678 1483 filios
702 1419 941 1504 concupiscant.
974 1422 1086 1483 contra
1100 1418 1259 1503 largiatur
1280 1422 1313 1482 et

73 1579 76 1583 .
121 1520 264 1602 auferat,
295 1517 361 1582 alat
383 1520 416 1582 et
436 1518 578 1584 occidat:
606 1542 648 1585 ne
669 1521 723 1586 ille
745 1522 809 1586 iam
832 1521 920 1586 brevi
942 1523 1085 1605 tempore
1114 1521 1255 1586 effecerit
1276 1523 1313 1585 ut

120 1643 230 1686 omnes
257 1641 324 1686 non
358 1623 557 1704 posterorum
589 1623 682 1686 modo
716 1624 769 1689 sed
801 1625 850 1688 sui
877 1627 1108 1708 parentumque
1135 1624 1310 1708 paeniteat.

121 1724 270 1807 quocirca
291 1721 375 1786 nihil
402 1723 506 1807 magis
534 1724 570 1787 in
591 1727 647 1788 tua
669 1726 738 1789 tota
759 1726 953 1791 liberalitate
975 1726 1188 1809 laudaverim,
1218 1747 1313 1810 quam

82 1853 108 1893 rs
121 1824 206 1910 quod
229 1825 428 1909 congiarium
451 1824 507 1889 das
530 1825 568 1888 de
590 1828 646 1889 tuo
653 1876 662 1909 ,
687 1827 840 1892 alimenta
855 1829 894 1893 de
916 1830 982 1912 tuo,
1006 1849 1110 1913 neque
1133 1850 1152 1892 a
1173 1831 1206 1892 te
1220 1827 1314 1892 liberi

122 1927 255 2010 civium,
287 1929 325 1990 ut
356 1927 498 1990 ferarum
532 1926 644 2011 catuli,
677 1930 835 2014 sanguine
869 1933 901 1994 et
935 1931 1083 1995 caedibus
1111 1930 1314 2013 nutriuntur3

120 2029 267 2113 quodque
295 2029 514 2113 gratissimum
543 2032 593 2093 est
621 2031 870 2116 accipientibus,
905 2031 1011 2096 s'ciunt
1044 2032 1114 2096 dari
1139 2033 1200 2097 sibi
1231 2032 1314 2116 quod

122 2130 245 2196 nemini
268 2135 317 2195 est
338 2135 483 2214 ereptum
505 2131 769 2218 locupletatisque
790 2138 858 2198 tam
878 2134 987 2199 multis
1003 2135 1224 2219 pauperiorem
1247 2155 1315 2198 esse

122 2234 247 2298 factum
279 2233 459 2318 principem
484 2235 628 2318 tantum,
663 2257 855 2320 quamquam
883 2257 925 2300 ne
952 2236 1038 2301 hunc
1065 2236 1202 2320 quidem.
1240 2258 1316 2301 nam

83 2364 110 2405 ro
125 2336 214 2400 cuius
246 2341 295 2399 est
322 2335 476 2419 quidquid
509 2338 557 2400 est
584 2337 740 2421 omnium,
773 2341 900 2402 tantum
932 2338 1000 2422 ipse
1029 2341 1184 2422 quantum
1206 2360 1316 2403 omnes

124 2437 232 2502 habet.
269 2437 331 2502 alio
353 2459 405 2501 me
429 2440 520 2501 vocat
541 2459 710 2503 numerosa
737 2439 841 2524 gloria
867 2443 934 2506 tua.
973 2440 1035 2505 alio
1064 2439 1194 2504 autem?
1228 2429 1367 2524 quas128

124 2561 200 2605 vero
221 2540 286 2603 iam
308 2539 386 2603 satis
408 2542 577 2604 veneratus
592 2542 787 2627 miratusque
810 2544 870 2607 sim
895 2543 978 2628 quod
999 2545 1125 2606 tantam
1147 2543 1317 2626 pecuniam

126 2641 313 2726 profudisti,
337 2663 403 2705 non
425 2645 461 2706 ut
475 2641 590 2728 flagitii
612 2644 670 2707 tibi
689 2645 833 2709 conscius
857 2646 897 2710 ab
912 2644 1125 2709 insectatione
1148 2645 1215 2708 eius
1231 2665 1318 2708 aver-

126 2747 211 2809 teres
232 2744 369 2828 famam,
392 2747 510 2808 necui
531 2746 640 2810 tristes
662 2747 827 2812 hominum
847 2750 1048 2831 maestosque
1072 2767 1233 2809 sermones
1254 2745 1319 2809 lae-

87 2848 209 2920 atione
230 2845 367 2910 materia
395 2846 564 2911 detineres.
601 2849 723 2912 nullam
752 2850 915 2935 congiario
944 2849 1086 2933 culpam,
1099 2891 1101 2894 ⁴
1116 2848 1239 2912 nullam
1262 2848 1319 2911 ali-

126 2949 246 3014 mentis
269 2947 490 3013 crudelitatem
505 2950 683 3035 redemisti,
711 2974 772 3016 nec
793 2952 853 3016 tibi
875 2951 1118 3016 benefaciendi
1140 2950 1203 3014 fuit
1226 2971 1320 3014 causa

127 3053 166 3115 ut
187 3072 268 3134 quae
289 3050 373 3114 male
394 3050 518 3116 feceras
540 3053 669 3137 impune
691 3053 832 3118 fecisses.
864 3076 951 3118 amor
972 3054 1135 3138 impendio
1157 3054 1230 3137 isto,
1254 3074 1321 3116 non

128 3153 225 3218 venia
252 3152 397 3236 quaesita
424 3155 488 3236 est,
516 3155 715 3240 populusque
742 3155 907 3220 Romanus
930 3156 1091 3242 obligatus
1120 3179 1139 3219 a
1166 3155 1321 3220 tribunali

127 3259 184 3320 tuo
191 3304 201 3338 ,
224 3275 290 3320 non
313 3258 462 3320 exoratus
489 3257 631 3321 recessit.
670 3256 815 3321 obtulisti
844 3257 929 3321 enim
957 3257 1156 3343 congiarium
1178 3258 1320 3343 gauden-

88 3357 216 3429 eotibus
243 3357 387 3442 gaudens
416 3358 606 3443 securusque
633 3358 767 3443 securis,
802 3359 946 3444 quodque
975 3363 1071 3423 antea
1097 3361 1259 3444 principes
1282 3360 1322 3423 ad

129 3567 332 3577 -......-.-

200 3705 216 3752 2
233 3702 332 3752 imbuit
348 3712 387 3756 ος
405 3703 566 3756 incubuitA
585 3705 703 3754 imbutus
722 3720 791 3754 corr.
804 3707 837 3755 ol.
857 3721 920 3758 mun.
940 3704 1038 3755 imbuit
1053 3703 1067 3766 β
1085 3703 1205 3752 imbutus
1223 3700 1260 3750 bd
1273 3701 1322 3749 im-

129 3774 247 3823 butasc
315 3772 380 3819 40⁸
398 3769 495 3823 talisc
564 3772 685 3824 blibcat
703 3776 731 3821 et
749 3772 877 3838 expediat
900 3772 1040 3822 Sicbardur
1118 3768 1322 3834 frugalitatisfl

200 3841 216 3889 8
235 3839 262 3886 in
281 3853 355 3902 spem
374 3837 566 3891 alimentorum
584 3858 630 3890 om.
649 3842 671 3889 A
704 3843 754 3888 -11
774 3856 826 3890 nec
844 3840 959 3891 deerunt
977 3865 1008 3875 -
1029 3841 1060 3888 12
1078 3839 1186 3887 occidat
1204 3853 1251 3890 om.
1270 3837 1290 3884 Β

132 3909 165 3958 12
183 3907 238 3956 iam
258 3905 336 3956 breui
355 3906 483 3960 Gesncrus
500 3911 529 3958 in
547 3914 604 3958 tam
621 3908 696 3957 breui
714 3907 803 3957 ABcd
821 3909 932 3972 inquam
956 3908 1034 3957 breui
1052 3908 1181 3956 Livineius
1198 3905 1226 3953 in
1245 3904 1324 3955 breui

130 3975 316 4026 Bitterrlrurius
334 3977 391 4023 tum
409 3975 437 4023 in
456 3979 535 4027 breui
552 3978 577 4027 Ι.
592 3978 621 4027 F.
638 3977 778 4026 Gronovius
797 3991 879 4040 quam
896 3977 975 4026 breui
987 3975 1137 4024 Buclurerus
1150 3974 1233 4023 etiam
1246 3972 1325 4021 breui

132 4043 293 4094 Sebwurziua
384 4045 415 4091 14
433 4047 462 4094 in
480 4051 529 4094 tua
547 4049 606 4094 tota
625 4045 667 4093 Bd
683 4045 711 4093 in
730 4048 788 4094 tota
806 4050 854 4095 tua
872 4046 894 4093 A
913 4045 940 4093 in
959 4050 1018 4092 tota
1038 4043 1094 4104 (om.
1113 4040 1173 4105 tua)
1192 4054 1206 4089 o
1294 4042 1325 4090 15

132 4111 269 4163 alimenta
287 4110 320 4159 de
339 4114 386 4160 tuo
405 4127 452 4166 om.
471 4115 510 4162 Ac
579 4115 610 4162 17
630 4113 823 4177 grauissimum
843 4112 857 4175 β
928 4113 959 4161 18
977 4111 1212 4175 locupletatisque
1232 4107 1325 4157 multis

131 4181 156 4231 A
167 4178 398 4243 locupletatisque
413 4180 524 4231 multum
538 4195 552 4230 a
605 4195 664 4230 csso
676 4181 779 4230 factum
794 4182 947 4246 principem
959 4182 1066 4228 tantum
1079 4179 1139 4226 Bac
1153 4192 1213 4227 esse
1225 4176 1326 4241 princi·

132 4264 198 4316 pem
210 4247 315 4298 factum
329 4251 436 4298 tantum
448 4251 471 4298 A
485 4250 588 4299 factum
602 4264 663 4299 esse
677 4249 830 4314 principem
844 4254 950 4298 tantum
963 4249 979 4295 d
1026 4249 1057 4296 19
1071 4260 1237 4311 quamquam
1249 4271 1283 4279 -
1294 4246 1327 4293 20

133 4322 244 4367 tantum
261 4330 309 4366 om.
328 4329 342 4364 a
409 4334 444 4368 ne
462 4317 534 4367 hunc
553 4319 660 4381 quidem
679 4321 695 4368 b
719 4317 846 4368 (ferreras
863 4333 915 4366 nec
932 4316 1005 4365 huuc
1024 4313 1132 4378 quidem
1151 4314 1188 4375 βᾶ
1205 4327 1255 4363 nec
1273 4312 1326 4362 hoc

134 4385 246 4452 quidem
263 4384 287 4432 A
355 4386 388 4434 20
406 4386 536 4451 quicquid
556 4389 674 4438 omnium
692 4389 715 4436 A
783 4388 815 4436 21
835 4383 1045 4445 innumerosail
1125 4384 1159 4432 24
1176 4377 1326 4444 hominnm]

132 4453 296 4506 hominesd
397 4458 429 4505 27
449 4456 556 4520 impune
575 4456 676 4507 fecisse
694 4457 717 4504 A
819 4456 852 4504 30
869 4453 1006 4518 principes
1024 4452 1089 4500 Abd
1112 4451 1239 4516 princeps
1256 4465 1327 4500 corr.

132 4528 272 4594 principes
292 4523 307 4588 β
325 4523 453 4589 princeps
471 4537 484 4572 c

1123 4603 1175 4656 22³
