3024 5062
437 291 684 361 nersruuanun
707 291 796 338 vnn.
821 287 845 334 a.
869 286 909 333 10.
933 285 973 332 11.
998 285 1038 332 12.
1268 271 1328 334 241

137 438 249 523 possit.
282 443 391 527 itaque
413 441 579 510 Minervae
600 447 728 509 tantum
750 443 951 511 serviendum
974 446 1039 524 est,
1062 440 1198 505 delicate
1212 437 1361 523 tamem?

136 543 231 607 utin
252 565 378 609 secessu
401 547 433 609 et
455 548 587 611 aestate.
620 546 655 611 in
677 546 729 611 via
750 545 847 630 plane
868 566 935 609 non
956 543 1045 608 nulla
1066 543 1186 607 leviora
1208 543 1331 606 statim-

137 665 198 729 que
221 644 356 712 delenda
378 668 416 711 ea
438 647 643 733 garrulitate,
673 671 735 733 qua
764 659 925 712 sermones
946 646 981 710 in
1003 644 1148 710 vehiculo
1170 647 1329 728 seruntur,

137 748 276 813 extendi.
316 748 367 813 his
398 750 554 834 quaedam
582 749 689 814 addidi
716 750 751 813 in
778 749 871 833 villa,
906 771 978 813 oum
1008 747 1094 812 aliud
1116 769 1183 811 non
1204 747 1328 812 liberet.

111 849 245 935 ⁵itaque
266 854 416 935 poemata
438 852 605 935 quiescunt
611 901 620 935 ,
652 873 733 936 quae
759 854 796 916 tu
817 851 903 915 inter
924 871 1056 915 nemora
1084 853 1117 914 et
1137 850 1225 914 lucos
1248 872 1330 914 com·

136 951 320 1017 modissime
341 953 452 1036 perfici
473 957 584 1037 putas:
614 953 848 1018 oratiunculam
870 975 968 1018 unam
990 953 1125 1018 alteram
1146 951 1360 1018 retractavi.3

137 1075 330 1139 quamquam
351 1055 384 1118 id
407 1076 509 1141 genus
532 1055 636 1140 operis
658 1055 847 1140 inamabile,
869 1056 1074 1122 inamoenum
1096 1055 1263 1140 magisque
1284 1054 1330 1117 la-

137 1156 268 1220 boribus
289 1158 372 1222 ruris
394 1180 490 1241 quam
513 1157 730 1242 voluptatibus
753 1157 865 1222 simile.
900 1158 981 1222 vale.

707 1327 764 1394 XI.

99 1448 124 1487 10
158 1518 160 1524 Ι
486 1451 515 1503 c,
536 1449 686 1502 amarus
705 1450 848 1501 auuruo
868 1447 938 1500 suo
957 1449 984 1500 s.

221 1566 403 1652 Epistulam
430 1569 519 1630 tuam
546 1566 808 1630 iucundissimam
837 1566 962 1650 accepi,
997 1587 1033 1630 eo
1061 1567 1213 1650 maxime,
1247 1564 1357 1651 quodi

135 1668 257 1754 aliquid
278 1669 319 1733 ad
341 1671 374 1732 te
396 1669 494 1732 scribi
512 1668 657 1752 volebas,
688 1669 771 1752 quod
791 1667 881 1732 libris
903 1668 1002 1732 inseri
1022 1671 1140 1751 posset.
1181 1669 1331 1733 obveniet

112 1786 118 1790 “
134 1772 286 1855 materia,
309 1770 361 1837 rel
374 1770 454 1834 haec
475 1771 546 1855 ipsa
561 1792 656 1855 quam
670 1772 831 1835 monstras
854 1770 905 1834 vel
919 1770 1025 1854 potior
1047 1771 1119 1835 alia.
1153 1774 1229 1836 sunt
1244 1771 1330 1836 enim

135 1873 171 1938 in
198 1873 261 1938 hac
288 1871 480 1937 offendicula
508 1894 574 1936 non
603 1872 707 1937 nulla:
744 1872 913 1937 circumfer
939 1872 1062 1956 oculos,
1093 1878 1125 1937 et
1152 1877 1329 1939 occurrent.

97 1982 123 2022 ¹⁵
134 1975 328 2061 bibliopolas
354 1975 503 2060 Lugduni
534 1996 601 2040 esse
629 1997 695 2039 non
722 1976 894 2058 putabam,
923 1996 962 2039 aa
990 1978 1081 2039 tanto
1109 1976 1260 2041 libentius
1292 1973 1360 2042 ex2

134 2079 253 2142 litteris
274 2077 339 2141 tuis
363 2077 498 2161 cognovi
519 2076 677 2141 venditari
699 2075 823 2140 libellos
845 2097 948 2159 meos,
973 2076 1086 2160 quibus
1108 2099 1243 2163 peregre
1264 2101 1330 2143 ma·

134 2201 212 2244 nere
234 2179 389 2264 gratiam,
411 2200 508 2262 quam
530 2178 565 2242 in
587 2179 665 2242 urbe
689 2178 895 2264 collegerint,
919 2178 1068 2243 delector.
1101 2179 1221 2264 incipio
1244 2182 1329 2245 eninr

134 2282 215 2346 satis
243 2279 425 2345 absolutum
452 2276 650 2364 existimare,
679 2280 718 2344 de
746 2302 808 2365 quo
835 2283 927 2344 tanta
953 2280 1138 2345 diversitate
1162 2281 1329 2366 reglonum

134 2383 276 2447 discreta
296 2381 462 2447 hominum
484 2382 601 2447 iudicia
625 2385 839 2447 consentiunt.
871 2383 953 2448 vale.

94 2569 121 2608 ao
184 2584 187 2589 ·
295 2525 299 2531 .
701 2552 776 2617 XII.

488 2675 519 2729 C.
537 2675 686 2727 PLINIUS
704 2674 848 2726 IUNIORI
866 2674 938 2726 SUO
952 2675 980 2725 S.

220 2791 411 2876 Castigabat
421 2791 550 2876 quidam
563 2791 665 2855 filiurn
676 2812 778 2874 suum,
794 2790 878 2874 quod
892 2790 988 2874 paulo
1004 2792 1218 2877 sumptuosius
1233 2813 1329 2877 equos
1342 2792 1358 2853 1

134 2897 168 2958 et
191 2914 288 2957 canes
304 2897 431 2958 emeret.
465 2891 541 2957 huic
556 2915 616 2979 ego
637 2893 752 2958 iuvene
768 2893 911 2978 digresso
933 2893 1023 2958 ‘heus
1037 2896 1089 2978 tu,
1113 2915 1329 2978 numquamne

132 2994 243 3059 fecisti
264 2994 349 3079 quod
371 3018 390 3059 a
411 2998 504 3081 patre
526 2996 644 3080 corripi
674 2995 805 3079 posset?
831 2996 938 3061 fecisti
961 2996 1055 3061 dico?
1080 3019 1147 3062 non
1168 2997 1329 3062 interdum

91 3096 217 3161 atacis
240 3097 324 3180 quod
345 3097 430 3161 filius
452 3100 542 3183 tuus,
573 3099 601 3162 si
622 3101 754 3183 repente
776 3101 870 3183 pater
890 3098 959 3184 ille,
981 3102 1018 3164 tu
1038 3098 1140 3184 filius,
1163 3100 1234 3183 pari
1257 3121 1330 3185 gra·

205 3389 346 3454 lpossint
362 3391 385 3438 D
454 3389 612 3452 delicatap
692 3393 756 3442 2et
774 3396 881 3442 aestate
901 3397 1009 3443 stater
1075 3392 1200 3444 laeuiora
1217 3394 1246 3441 1
1313 3395 1330 3444 3

134 3456 253 3508 delenda
273 3472 307 3506 ea
325 3456 490 3523 garrulitate
509 3461 579 3513 Μςα
606 3458 741 3510 delrndea
764 3460 928 3526 garrulitate
945 3463 967 3510 Ι)
993 3459 1111 3511 delenda
1130 3477 1146 3511 a
1165 3460 1330 3526 garrulitate

133 3540 150 3587 p
168 3524 286 3575 delenda
305 3541 339 3575 ea
357 3542 374 3576 a
392 3526 557 3591 garrulitate
573 3541 588 3574 r
655 3528 685 3576 in
702 3527 829 3578 uehiculo
848 3532 976 3578 seruntur
993 3530 1042 3576 Ma
1059 3529 1187 3579 uehiculo
1206 3529 1330 3578 feruntur

134 3606 172 3655 pr
189 3592 317 3643 uehiculo
335 3598 464 3644 seruntur
481 3606 499 3649 ς
515 3594 603 3645 nihilo
622 3596 750 3646 feruntur
772 3599 793 3645 n
862 3598 879 3646 4
895 3596 925 3644 in
943 3596 1038 3646 uillam
1055 3611 1072 3645 a
1141 3593 1212 3662 cum]
1231 3611 1291 3646 cam
1303 3597 1330 3644 lt

205 3662 384 3727 dquiescent
400 3663 429 3710 1
447 3667 609 3714 accrescent
626 3664 796 3714 Mommsenio
880 3661 1183 3730 aperfiei]perspieir
1267 3663 1330 3715 rid

134 3743 225 3794 genus
241 3731 314 3785 lisa
333 3737 361 3780 et
379 3746 465 3796 genus
482 3732 545 3792 npr
658 3732 807 3781 inamabile
824 3733 999 3782 inamoenum
1016 3733 1065 3782 lta
1083 3737 1112 3782 et
1128 3731 1282 3782 inamabile
1302 3735 1331 3780 et

134 3799 312 3848 inamoenum
328 3810 364 3853 rs
382 3804 410 3849 et
427 3799 591 3850 infamabile
612 3803 641 3848 et
659 3802 834 3849 amoenumI)
853 3804 882 3850 et
899 3800 929 3848 in
947 3800 1021 3850 fama
1037 3800 1094 3850 uile
1114 3809 1140 3849 et
1158 3813 1329 3861 amoennmp

204 3865 245 3917 XI
272 3868 305 3918 10
332 3866 475 3916 GEMINO
494 3869 544 3930 Hp
564 3867 721 3918 GEMINIO
739 3867 825 3922 Drs‘a
940 3870 969 3916 11
989 3867 1213 3918 iucundissimam
1232 3867 1331 3931 accepi

133 3933 163 3980 Ι
180 3933 405 3985 iucundissimam
423 3936 519 4000 recepi
534 3937 602 3990 lisa
619 3935 811 3985 iucundissime
830 3936 923 4000 recepi
939 3949 975 3998 pr
1035 3938 1067 3985 12
1085 3952 1102 3986 a
1120 3940 1148 3985 te
1166 3937 1192 3984 ss
1244 3934 1330 3984 libros

134 4015 205 4054 corr.
226 4003 283 4052 -ia
301 4003 330 4050 1
415 4003 536 4067 possitp
622 4003 754 4052 obueniat
771 4007 810 4067 p'a
896 4005 928 4054 13
951 4004 1041 4068 potior
1059 4003 1115 4053 alia
1132 4005 1205 4057 ties
1222 4003 1331 4068 potiora

76 4095 79 4100 ·
135 4068 195 4119 alia
212 4071 275 4132 Bpr
344 4072 376 4120 14
394 4071 422 4120 in
440 4071 495 4120 hac
514 4071 599 4125 sain
616 4071 688 4120 hanc
707 4073 747 4133 M,
766 4088 813 4122 om.
830 4074 893 4132 npr
953 4071 1164 4134 circunferopa
1234 4073 1265 4121 15
1282 4069 1330 4134 by·

133 4135 273 4203 bliopolas
290 4139 317 4186 lt
386 4139 532 4204 lugdinili
604 4155 637 4188 ex
655 4139 711 4189 tuis
729 4139 830 4190 litteris
848 4153 884 4202 pr
953 4142 985 4190 16
1006 4138 1147 4190 venditari
1164 4139 1203 4188 ibi
1222 4137 1330 4188 libellos

134 4204 305 4256 Mamaeanas
392 4207 490 4271 quibus
507 4209 578 4261 Μςι
596 4207 642 4271 qui
660 4208 723 4268 npr
809 4210 840 4259 l'i
858 4209 888 4257 in
905 4207 1022 4269 urbesp
1104 4206 1267 4270 collegerint
1284 4207 1332 4254 lia

135 4273 311 4340 collegerunt
328 4285 363 4329 rs
380 4274 500 4340 legerint
516 4275 560 4338 Dp
614 4273 734 4326 delector
751 4291 799 4326 om.
816 4278 892 4351 ppr,
916 4277 977 4326 add.
996 4276 1068 4330 lisa
1119 4276 1151 4326 19
1170 4275 1331 4339 discrepata

133 4353 151 4389 a
221 4341 391 4393 dissentiunt
407 4356 423 4404 p
440 4342 600 4393 desentiunt
617 4344 639 4391 D

202 4409 431 4461 XH211UN10
449 4412 476 4459 lt
544 4413 577 4460 22
596 4409 741 4476 quidemli
810 4415 844 4464 23
864 4413 960 4463 emerit
977 4414 1040 4475 lipr
1061 4413 1165 4462 ornarat
1182 4410 1330 4461 Beroaldus

131 4476 226 4596 {ilem
243 4477 417 4529 Marklaadus
434 4479 461 4528 in
478 4479 545 4530 Stat.
563 4481 619 4533 silo.
642 4480 667 4530 V
685 4481 716 4543 3,
734 4483 786 4531 209
855 4483 889 4530 24
906 4481 1029 4546 possita
1096 4481 1131 4532 25
1148 4484 1178 4529 tu
1195 4475 1279 4542 filius]
1299 4478 1329 4528 in

164 4546 245 4597 'osli

184 4631 254 4672 Pam
265 4638 336 4672 remu.
350 4640 388 4672 nn.
401 4630 468 4674 Kum.
1094 4637 1125 4687 16
