3024 5062
158 305 270 354 XXXIV
645 306 854 354 PRAEFATIO.

157 459 181 521 f.
205 459 224 521 2
255 464 385 522 Colendo
414 467 550 522 uirorum
572 466 712 539 principi
738 465 902 524 Bernardo
925 464 1036 523 Bemba
1060 463 1233 523 Clarissimo
1261 465 1356 538 equiti

156 566 418 639 praestantissimo
451 566 580 625 Doctori
610 573 638 624 et
670 572 773 641 aptato
813 567 951 627 Veronae
978 568 1123 642 praetori
1153 566 1355 643 Hieronymus

157 669 301 727 auantias
323 669 502 727 Veronensis
518 666 727 740 foelicitatem.
767 668 852 726 Petri
864 668 1004 727 Leandri
1022 669 1174 727 industria
1195 684 1235 727 ea
1252 669 1353 727 Gallia

156 769 250 827 Plinii
274 771 402 828 iunioris
430 771 472 828 ad
503 769 669 829 Traianum
696 772 839 845 epistolas
861 771 931 829 licet
951 786 1076 829 mancas
1105 770 1354 844 deprauatasque

155 870 329 930 imbuimus:
362 887 438 945 quas
467 887 528 945 pro
559 873 645 931 uirili
677 888 743 930 mea
774 873 943 945 costiqatas
970 873 1182 946 impressorum
1211 871 1354 943 beneficio

155 973 333 1031 emittendas
354 973 537 1032 censuimus:
560 973 761 1033 studiosorum
790 973 910 1048 quidem
932 974 1061 1032 utilitati
1086 978 1115 1030 et
1137 973 1233 1030 Plinii
1253 973 1352 1045 dipni-

155 1074 215 1131 tati
233 1074 288 1132 sed
309 1079 360 1132 tuo
382 1075 521 1147 inprimis
543 1072 693 1131 desiderio
715 1074 910 1133 consulentes.
941 1073 1007 1131 Has
1028 1075 1105 1132 enim
1129 1089 1210 1132 ames
1231 1089 1351 1133 neeesse

154 1179 215 1233 est:
238 1190 305 1234 cum
326 1174 456 1234 secundi
475 1174 618 1250 epistolas
637 1176 682 1234 sic
704 1173 856 1248 affinpas:
878 1179 912 1233 ut
933 1175 1086 1234 emuleris:
1112 1176 1184 1249 quin
1207 1192 1283 1234 unus
1304 1177 1348 1234 ui-

155 1277 240 1341 deris
258 1291 361 1336 eorum
383 1277 516 1336 sensibus
537 1277 613 1336 satis
631 1275 742 1348 facere
752 1292 857 1350 posse:
879 1278 932 1350 qui
952 1293 971 1334 a
995 1275 1147 1336 Ciceronis
1169 1277 1217 1347 (ut
1238 1278 1283 1335 ita
1304 1277 1349 1335 di-

154 1381 238 1451 cam)
266 1379 423 1453 profluuio
457 1384 487 1436 et
519 1378 557 1436 ab
590 1379 678 1439 buius
713 1379 806 1438 Plinii
836 1379 984 1438 breuitate
1022 1394 1117 1453 aeque
1152 1379 1347 1438 abhorreant.

156 1479 296 1539 Marinus
323 1481 402 1539 enim
428 1489 552 1539 sanutus
580 1480 792 1553 inteperrimus
827 1480 963 1540 Veronae
995 1479 1136 1555 quaestor
1162 1487 1192 1539 et
1218 1479 1348 1540 eiusdem

153 1582 375 1641 commodorum
397 1581 671 1656 appetentissimus:
699 1581 836 1654 idemque
858 1581 1090 1656 praestantibus
1117 1583 1193 1641 uiris
1215 1582 1349 1640 omnibus

154 1682 210 1742 sed
230 1684 286 1744 tibi
316 1685 455 1759 inprimis
471 1684 636 1758 plurimum
658 1684 799 1743 addictus
821 1683 896 1742 mibi
920 1699 1019 1758 nuper
1046 1682 1174 1744 ostendit
1202 1688 1284 1743 tuam
1307 1684 1350 1741 ad

154 1786 282 1845 Dantem
304 1792 439 1846 nostrum
468 1785 662 1845 cultissimum
686 1789 807 1860 poetam
834 1787 992 1859 epistolam
1024 1786 1144 1845 doctam
1176 1785 1347 1860 (Iuppiter)

155 1894 183 1946 et
206 1887 278 1947 bene
299 1888 460 1947 eruditum.
498 1885 549 1945 Ita
574 1885 670 1962 probe
697 1888 800 1946 uiuam
821 1887 873 1946 uir
893 1887 1075 1947 clarissime:
1108 1896 1140 1947 ut
1168 1889 1199 1946 in
1221 1903 1256 1946 eo
1277 1889 1347 1946 stilo

154 1991 199 2048 nil
226 1992 328 2065 aptius
353 1991 399 2048 nil
422 1989 591 2063 elepantius
617 1989 661 2048 nil
690 1989 787 2062 napis
820 1989 961 2048 decorum
989 1990 1091 2049 obtulit
1118 1995 1203 2049 aetas
1230 1996 1346 2049 nostra.

154 2090 222 2149 Iam
244 2099 386 2151 exactum
402 2091 519 2151 Aurelii
532 2091 725 2151 Pisaurensis
746 2092 889 2151 iudicium
911 2092 999 2151 uideo
1011 2091 1181 2166 proboque:
1203 2093 1257 2166 qui
1277 2107 1345 2151 cum

152 2193 303 2267 probitate
327 2193 509 2252 Traianum:
531 2194 715 2253 bumanante
739 2188 770 2272 [l.
793 2188 990 2274 humanitate]
1025 2192 1137 2254 Titum:
1163 2210 1266 2254 amore
1287 2210 1342 2268 pa-

155 2281 213 2354 trio
237 2295 385 2369 Bupalum
408 2302 435 2354 te
457 2294 578 2367 referre
604 2297 790 2357 enunciarit:
819 2303 880 2354 tum
909 2297 1047 2381 inqenuis
1072 2297 1206 2356 omnibus
1228 2297 1344 2355 artibus

153 2404 180 2455 te
208 2398 285 2457 adeo
315 2399 431 2472 pallere
457 2384 628 2457 contendit:
661 2402 695 2456 ut
728 2400 759 2457 in
793 2399 943 2472 questione
977 2399 1185 2473 relinquatur:
1218 2413 1348 2472 quonam

157 2501 265 2575 scripti
282 2516 395 2573 penere
416 2501 548 2559 manime
567 2505 713 2573 praestes.
754 2498 855 2569 Quare
875 2500 987 2560 litteris
1008 2508 1037 2559 et
1057 2501 1198 2560 litteratis
1220 2507 1264 2559 est
1275 2516 1350 2574 pra-

163 2602 332 2662 tulnndum.
371 2603 493 2676 quondo
515 2602 573 2660 boc
600 2609 729 2675 tempore
757 2603 876 2660 minime
899 2602 997 2660 desint
1022 2603 1082 2662 uiri
1100 2603 1271 2677 principes:
1298 2604 1352 2676 qui

127 2684 131 2692 ’
158 2710 187 2762 et
205 2703 472 2779 pbilosopbentur:
501 2709 530 2762 et
550 2703 797 2779 pbilosophorum
826 2704 1041 2763 consuetudine
1062 2703 1252 2764 oblectentur.
1288 2702 1352 2762 Sed

156 2807 329 2880 comprimis
367 2806 548 2865 Veronensis
576 2813 694 2865 nostros
720 2805 934 2878 beatissimos!
962 2799 998 2882 (f.
1026 2800 1083 2884 2³¹⁶)
1111 2820 1226 2869 censeo.
1272 2804 1351 2875 Ouid

155 2908 233 2966 enim
254 2923 311 2981 per
333 2908 420 2966 deum
436 2908 632 2967 immortalem
647 2907 729 2966 ultra
744 2923 871 2981 sperare
886 2907 1015 2965 debeant
1028 2908 1110 2967 ciues
1125 2909 1220 2967 nostri
1233 2907 1348 2967 doctri-

156 3025 264 3069 narum
294 3011 508 3069 amantissimi:
541 3014 569 3068 te
599 3015 771 3083 praetorem
801 3010 886 3069 nacti
915 3010 1057 3084 optimum
1090 3010 1289 3069 doctissimum
1321 3015 1350 3067 et

157 3113 314 3170 doctorum
343 3111 494 3170 bominum
522 3106 792 3171 studiosissimum?
828 3111 919 3179 Cuius
946 3112 1112 3171 comitatem
1140 3112 1349 3171 dexteritatem

152 3215 347 3286 prudentiam
376 3215 519 3273 iustitiam
548 3220 577 3272 et
603 3215 777 3288 relipionem
809 3229 868 3273 nan
890 3215 979 3273 modo
998 3212 1202 3285 ferrarienses
1223 3213 1349 3273 Rauen-

155 3322 299 3391 natesque
319 3321 526 3389 copnauerunt
540 3332 578 3374 ac
599 3317 739 3375 uenerati
766 3321 844 3374 sunt.
889 3316 1000 3376 Verum
1022 3315 1231 3375 liberalitatem
1250 3317 1349 3390 pieta·

154 3425 211 3476 tem
233 3423 262 3476 et
283 3419 417 3492 reliquas
438 3419 470 3476 in
490 3423 517 3476 te
538 3420 672 3492 insinues
699 3420 826 3478 uirtutes
853 3434 921 3478 cum
950 3418 1080 3493 optimus
1101 3419 1225 3492 quisque
1254 3418 1349 3477 colat:

155 3526 214 3577 tum
243 3520 373 3578 manime
401 3517 596 3580 admirantur
624 3519 848 3595 decantantque
875 3520 1076 3580 studiosorum
1104 3519 1245 3594 inqenia:
1276 3534 1351 3594 quos

155 3621 251 3680 indies
279 3635 366 3678 amas
391 3620 531 3681 subleuas
558 3622 651 3695 eripis
681 3620 771 3693 foues
797 3629 826 3681 et
854 3623 941 3681 unice
963 3623 1168 3696 amplexaris:
1201 3625 1347 3694 quantum

156 3723 264 3781 debent
284 3722 338 3781 tibi
356 3721 464 3782 liantis
479 3723 650 3782 Florentini
671 3725 750 3784 uatis
770 3725 895 3782 manes?
917 3724 990 3782 dum
1012 3740 1090 3783 unus
1109 3721 1277 3783 Rauennae
1299 3723 1349 3781 ia-

155 3830 269 3884 centem
300 3830 477 3899 putremque
510 3825 591 3884 illius
624 3827 768 3886 tumulum
797 3841 967 3886 marmoreo
993 3831 1023 3884 et
1050 3826 1214 3900 conspicuo
1235 3840 1345 3886 monu-

154 3933 254 3987 mento
275 3927 411 3985 erexeris
433 3942 472 3985 ac
485 3927 612 3998 mirifice
627 3927 831 3988 decoraueris.
869 3927 996 3987 Accedit
1009 3929 1213 4002 amplissimae
1224 3929 1347 4002 pieriae

155 4038 225 4089 tuae
247 4028 333 4088 Petri
349 4029 408 4100 nitu·
428 4027 603 4103 Sapientia:
627 4031 680 4104 qui
698 4032 838 4105 paternis
858 4031 993 4104 uestipiis
1014 4031 1172 4090 incedens:
1200 4033 1260 4091 iam
1284 4045 1349 4089 om-

155 4131 241 4191 nibus
261 4131 368 4190 studiis
396 4132 618 4191 ornatissimus:
647 4135 840 4207 antiquorum
868 4133 1026 4215 imprimis¹
1041 4138 1145 4192 uatum
1167 4133 1350 4191 maiestatem

155 4234 355 4307 undecunque
368 4241 625 4308 repraesentans:
647 4233 862 4293 recentioribus
883 4235 972 4307 lonpe
983 4239 1133 4308 praestat.
1159 4233 1240 4292 Hinc
1250 4249 1351 4307 prae-

156 4343 201 4394 tor
223 4337 378 4395 lectissime
400 4341 429 4394 et
449 4335 487 4394 ab
509 4339 653 4396 uniuersa
675 4338 800 4396 ciuitate
829 4341 932 4395 nostra
954 4336 1054 4394 multis
1075 4337 1152 4395 uotis
1176 4336 1350 4409 exoptatis-

155 4440 227 4497 sime
249 4439 358 4513 optimo
373 4438 429 4497 deo
441 4439 564 4510 pretias
578 4438 729 4497 babemus.
763 4438 958 4512 Eandemque
972 4438 1123 4513 supplices
1137 4438 1351 4512 imploramus:

156 4547 189 4602 ut
211 4541 400 4599 sanctissima
429 4541 605 4600 Venetorum
629 4543 755 4600 Senatui
775 4541 916 4600 eueniant
948 4541 1021 4599 bene
1043 4545 1158 4615 optata.
1195 4539 1285 4598 Cuius
1299 4556 1351 4598 sa-
