3024 5062
204 256 267 322 338
723 274 752 321 u.
777 274 874 321 rann

203 427 314 491 batur:
344 428 530 511 expectatus
552 430 616 510 est,
645 428 869 511 provisumque
891 444 932 491 ne
955 428 1026 509 quis
1050 449 1162 513 aeger,
1191 452 1233 496 ne
1256 433 1327 517 quis
1349 455 1399 498 oe-

205 532 355 613 cupatus,
385 551 426 593 ne
455 527 525 612 quis
548 529 683 612 denique
712 529 808 613 longe
836 528 966 592 fuisset:
994 529 1118 593 veniret
1146 531 1296 618 quisque,
1328 556 1399 598 eum

203 630 315 714 vellet,
346 632 471 696 veniret
498 633 647 715 quisque,
678 652 750 694 cum
778 632 897 713 posset.
946 631 1170 716 magnificum,
1202 633 1338 719 Caesar,
1368 642 1401 701 et

203 735 293 797 tuum
316 732 581 799 disiunctissimas
603 737 705 797 terras
727 732 967 796 munificentiae
982 733 1114 818 ingenio
1129 733 1217 798 velut
1231 736 1400 802 admovere

203 834 421 917 immensaque
450 835 554 919 spatia
582 833 775 899 liberalitate
804 834 1007 918 contrahere,
1036 835 1235 902 intercedere
1264 840 1424 923 casibus,s

203 958 370 1001 occursare
392 936 541 1002 fortunae
569 940 665 1021 atque
695 936 783 1000 omni
810 957 870 1020 ope
900 936 1003 999 adniti
1024 957 1066 1000 ne
1089 938 1159 1021 quis
1182 961 1200 1002 e
1221 940 1315 1024 plebe
1338 940 1400 1005 Ro·

204 1060 302 1103 mana
330 1039 426 1102 dante
456 1039 656 1123 congiarium
684 1041 717 1102 te
745 1038 908 1101 hominem
941 1059 975 1102 se
1004 1039 1109 1124 magis
1137 1040 1274 1107 sentiret
1301 1043 1400 1108 fuisse

154 1138 301 1224 26quam
317 1141 428 1205 civem.
467 1141 662 1205 adventante
685 1140 843 1225 congiarii
866 1140 916 1204 die
931 1140 1100 1205 observare
1115 1141 1272 1227 principis
1295 1165 1401 1228 egres-

204 1265 274 1307 sum
301 1243 338 1307 in
359 1242 538 1327 publicum,
567 1242 706 1307 insidere
734 1242 806 1306 vias
828 1242 978 1306 examina
1006 1241 1182 1308 infantium
1210 1245 1401 1330 futurusque

203 1345 339 1430 populus
361 1345 491 1410 solebat.
529 1345 620 1409 labor
640 1344 829 1429 parentibus
852 1347 922 1407 erat
943 1346 1106 1409 ostentare
1127 1346 1277 1428 parrulos
1299 1347 1400 1432 impo
1415 1371 1437 1409 ιο

204 1447 344 1532 sitosque
374 1448 550 1512 cervicibus
580 1447 746 1511 adulantia
773 1446 871 1511 verba
902 1446 1101 1531 blandasque
1131 1468 1226 1512 voces
1254 1449 1398 1514 edocere.

202 1550 380 1614 reddebant
402 1549 448 1613 illi
472 1571 553 1633 quae
574 1549 805 1632 monebantur,
829 1569 867 1613 ac
888 1547 1032 1633 plerique
1046 1548 1153 1614 inritis
1168 1550 1318 1633 precibus
1332 1573 1401 1615 sur-

203 1652 261 1715 das
282 1651 438 1736 principis
467 1673 559 1716 aures
581 1652 810 1734 obstrepebant
838 1650 1007 1734 ignarique
1030 1651 1106 1735 quid
1119 1656 1299 1737 rogassent,
1324 1653 1400 1739 quid

203 1774 269 1818 non
298 1753 540 1838 impetrassent,
574 1754 674 1818 donee
709 1753 805 1837 plane
834 1753 971 1837 seirent,
1007 1753 1247 1818 differebantur.
1295 1757 1332 1819 tu
1359 1777 1400 1819 ne

203 1855 311 1941 rogari
334 1856 461 1939 quidem
483 1856 665 1920 sustinuisti
693 1858 741 1939 et,
766 1877 956 1939 quamquam
978 1854 1187 1920 laetissimum
1210 1855 1313 1921 oeulis
1334 1857 1399 1921 tuis
1413 1881 1435 1920 rs

204 1960 288 2021 esset
316 1959 490 2042 conspectu
511 1956 675 2022 Romanae
703 1956 823 2022 subolis
846 1957 987 2040 impleri,
1016 1978 1126 2022 omnes
1151 1960 1279 2041 tamen,
1310 1962 1399 2024 ante·

203 2081 299 2144 quam
320 2062 353 2123 te
375 2061 522 2124 riderent
543 2059 722 2143 adirentve,
752 2059 852 2143 recipi
879 2059 979 2124 incidi
1000 2059 1138 2143 iussisti,
1166 2062 1204 2123 ut
1230 2060 1296 2123 iam
1322 2061 1398 2126 inde

203 2162 244 2225 ab
266 2161 407 2225 infantia
428 2165 595 2246 parentem
617 2162 780 2245 publicum
796 2183 927 2226 munere
943 2161 1142 2225 educationis
1165 2162 1397 2247 experirentur,

204 2266 383 2327 crescerent
411 2263 449 2326 de
476 2266 532 2327 tuo
559 2263 613 2347 qui
637 2265 816 2328 crescerent
837 2264 913 2343 tibi,
941 2263 1165 2347 alimentisque
1192 2263 1258 2327 tuis
1281 2265 1322 2328 ad
1344 2266 1399 2329 sti·

202 2365 320 2448 pendia
343 2367 398 2429 tua
419 2367 641 2450 pervenirent,
664 2367 855 2449 tantumque
870 2387 981 2430 omnes
1003 2365 1060 2430 uni
1081 2365 1142 2429 tibi
1163 2369 1322 2448 quantum
1345 2388 1433 2450 paro

204 2467 348 2532 rentibus
371 2467 436 2531 suis
459 2469 591 2551 quisque
612 2467 752 2532 deberet.
790 2470 886 2550 recte,
904 2466 1031 2551 Caesar,
1054 2466 1139 2551 quod
1154 2487 1245 2550 spem
1260 2466 1399 2533 Romani

204 2569 344 2633 nominis
367 2567 547 2652 sumptibus
569 2569 632 2633 tuis
655 2568 801 2653 suscipis.
839 2568 962 2632 nullum
990 2570 1038 2633 est
1060 2567 1147 2633 enirn
1168 2590 1290 2653 magno
1311 2571 1399 2654 prin·

205 2671 275 2755 cipe
297 2670 635 2755 immortalitatemque
658 2671 811 2735 meriture
832 2669 987 2755 impendii
1008 2691 1111 2755 genus
1134 2669 1278 2754 dignius,
1302 2693 1399 2756 quam

205 2773 289 2856 quod
311 2777 463 2857 erogatur
490 2773 525 2836 in
553 2775 707 2856 posteros.
745 2771 920 2857 locupletes
948 2773 990 2836 ad
1016 2772 1176 2836 tollendos
1204 2772 1324 2838 liberos
1351 2775 1398 2838 in-

203 2873 315 2957 gentia
341 2874 483 2957 praemia
512 2876 544 2938 et
571 2896 665 2959 pares
691 2895 814 2959 poenae
842 2874 1071 2959 adhortantur,
1100 2875 1297 2958 pauperibus
1327 2879 1433 2941 edu-rs

204 2974 299 3039 candi
320 2997 385 3039 una
411 2976 495 3040 ratio
523 2979 573 3040 est
600 2976 701 3040 bonus
723 2977 885 3060 princeps.
921 2975 975 3040 hic
1004 2976 1121 3041 fiducia
1142 2976 1192 3041 sui
1214 2981 1398 3061 procreatos

203 3077 266 3141 nisi
295 3076 387 3162 larga
414 3098 512 3141 manu
539 3077 642 3160 fovet,
678 3081 792 3162 auget,
824 3078 1045 3162 amplectitur,
1080 3099 1231 3143 oceasum
1259 3081 1396 3165 imperii,

204 3199 352 3243 occasum
384 3181 430 3242 rei
457 3178 604 3263 publicae
636 3178 795 3243 accelerat
827 3179 1010 3263 frustraque
1042 3201 1190 3264 proceres
1222 3180 1319 3265 plebe
1345 3205 1397 3247 ne·

204 3279 327 3365 glecta,
356 3281 393 3344 ut
415 3280 576 3345 desectum
600 3302 730 3364 corpore
754 3285 851 3366 caput
871 3284 1123 3367 nutaturumque
1149 3282 1298 3348 instabili
1320 3307 1397 3370 pon·

203 3383 293 3467 dere,
327 3385 446 3447 tuetur.
490 3382 585 3448 facile
617 3386 667 3447 est
696 3383 876 3447 coniectare
909 3383 990 3468 quod
1023 3383 1204 3469 perceperis
1233 3385 1395 3471 gaudium,
1408 3410 1429 3449 u

203 3592 405 3599 ...--..—.--—-—-

274 3729 287 3775 l
307 3731 470 3792 expectatus
488 3727 552 3775 Aed
579 3730 755 3793 expectatum
775 3728 814 3781 br
842 3730 1072 3791 expectatumque
1095 3742 1165 3780 corr.
1184 3733 1364 3794 expectatum
1381 3730 1394 3794 β

271 3798 287 3846 3
306 3800 334 3844 et
352 3793 419 3844 illud
438 3793 668 3844 disiunctissimas
686 3795 812 3846 terrast
835 3798 864 3844 et
881 3800 968 3844 terras
992 3795 1057 3844 illas
1076 3795 1312 3849 disiunctissimas
1330 3816 1396 3850 corr.

203 3862 271 3912 illud
291 3871 319 3913 et
336 3867 426 3912 terras
445 3861 676 3912 disiunctissimas
695 3879 711 3912 a
779 3861 999 3913 tadmonereA
1080 3865 1144 3914 lse
1162 3867 1247 3916 om.B
1317 3866 1394 3919 8ad·

203 3936 336 3982 ventante
356 3935 439 3981 antea
459 3931 488 3983 θ,
509 3933 545 3981 H.
563 3929 726 3992 Schaefcrur.
742 3932 857 3993 sortasse
876 3934 941 3980 ante
960 3935 988 3980 te
1008 3930 1175 3982 adventante
1258 3950 1394 4000 egressum

204 3998 381 4064 publicnmA
450 4000 672 4053 tricenalis
742 4001 773 4050 10
791 3998 951 4049 solebante
1021 4002 1051 4048 12
1070 3997 1114 4065 ae]
1137 4015 1227 4065 aeque
1246 4018 1318 4055 corr.
1337 4003 1394 4065 aet

204 4072 234 4117 at
253 4069 380 4118 Gesnerus
461 4070 492 4118 13
511 4068 707 4132 obstrepebant
723 4069 766 4116 Ae
785 4066 983 4132 adstrepebant
1000 4067 1064 4123 Βᾱς
1150 4071 1182 4118 14
1195 4070 1394 4123 differebantlt

273 4137 304 4185 17
324 4135 520 4185 audirentuee
588 4135 672 4185 incidi
690 4137 754 4189 Βᾱς
771 4134 876 4185 includi
894 4150 915 4195 c,
934 4137 1023 4189 omn
1093 4138 1125 4187 18
1143 4143 1291 4202 parentem
1309 4139 1394 4206 publi·

204 4220 264 4255 cum
283 4206 339 4254 cod.
356 4204 462 4254 Mediol.
476 4215 493 4259 ς
510 4209 654 4269 parentum
673 4204 813 4268 publicum
826 4203 888 4252 Bcd
905 4204 1045 4268 publicum
1057 4208 1235 4270 parentumA
1288 4222 1395 4259 munere

202 4274 242 4321 Bc
263 4285 358 4321 munus
375 4273 420 4320 ta
488 4275 519 4321 21
539 4273 655 4337 quisque
673 4273 736 4321 Aed
755 4272 878 4337 quisquis
897 4271 911 4333 β
929 4273 1151 4337 unusquisqueb
1232 4278 1266 4326 22
1285 4277 1394 4342 sumpti·

202 4342 253 4390 bus
272 4341 390 4405 suscipis
408 4340 464 4389 tuis
480 4340 504 4388 Α
571 4341 605 4389 24
621 4339 775 4405 locupletes
794 4339 957 4404 (locupletos
977 4339 1002 4405 β)
1022 4341 1190 4392 attollendos
1208 4344 1229 4392 B
1300 4347 1333 4396 25
1350 4345 1395 4395 ad·

204 4408 348 4458 hortantur
366 4409 409 4456 Ae
429 4407 607 4458 cohortantur
624 4409 684 4463 buc
703 4409 918 4459 cohortabantur
936 4409 950 4470 β
1054 4409 1188 4460 educandi
1205 4412 1228 4460 A
1251 4412 1394 4464 educandis

203 4477 287 4532 Βοᾱς
388 4474 422 4526 28
443 4476 546 4525 frustra
564 4477 692 4542 princeps
715 4477 795 4542 plebe
814 4488 831 4530 ς
848 4477 1007 4541 frustraque
1023 4494 1153 4543 proceres
1170 4480 1304 4548 princeps
1321 4482 1393 4548 plebe

204 4546 309 4609 Lipsius
382 4547 414 4595 29
433 4545 569 4595 desectum
587 4545 607 4592 B
625 4543 763 4596 defectum
780 4546 844 4595 Acd
