3024 5062
150 235 212 300 376
672 244 702 292 c.
726 244 824 291 runo

150 406 286 469 honores
309 424 405 487 quam
426 401 584 484 peractos.
620 397 740 482 optime
762 397 971 482 magistratus
994 396 1199 481 magistratu,
1222 395 1345 466 honore

149 507 252 571 honor
273 505 405 589 petitur.
442 503 513 566 volo
535 521 609 585 ego,
633 500 688 584 qui
710 499 909 584 provinciam
924 498 1043 563 rexerit
1063 520 1130 562 non
1144 501 1273 562 tantum
1295 519 1345 561 co-

150 607 273 672 dicillos
307 605 482 669 amicorum
514 623 575 666 nec
606 602 731 666 urbana
765 600 986 665 coniuratione
1019 599 1200 664 eblanditae
1222 621 1345 683 preces,

150 709 205 774 sed
228 709 355 772 decreta
379 705 590 786 coloniarum,
614 703 743 767 decreta
765 701 931 767 civitatum
954 701 1092 786 adleget.
1130 703 1211 767 bene
1234 702 1346 767 suffra·

150 811 212 896 giis
236 808 450 874 consularium
477 807 618 870 virorum
644 804 739 868 urbes
766 802 878 888 populi
905 805 1020 887 gentes
1041 803 1238 868 inseruntur.
1277 805 1369 869 effi-s

101 914 138 978 71
151 913 351 977 carissimum
373 931 431 994 pro
455 907 624 972 candidato
646 927 749 992 genus
771 908 820 969 est
842 906 977 990 rogandi
1000 905 1122 991 gratias
1144 929 1250 992 agere.
1280 908 1344 972 iam

151 1037 212 1099 quo
235 1013 372 1077 adsensu
394 1014 535 1093 senatus,
560 1029 622 1093 quo
644 1007 762 1092 gaudio
785 1009 953 1091 exceptum
976 1010 1034 1090 est,
1059 1029 1131 1072 curn
1153 1008 1343 1091 candidatis,

150 1120 186 1179 ut
208 1135 363 1199 quemque
385 1112 624 1193 nominaveras,
649 1110 756 1174 osculo
778 1129 976 1191 occurreres,
1000 1109 1137 1174 devexus
1159 1110 1287 1194 quidem
1309 1111 1344 1175 in

150 1217 282 1301 planum
305 1217 337 1279 et
359 1214 449 1299 quasi
471 1235 554 1277 unus
576 1234 614 1276 ex
636 1211 890 1297 gratulantibus!
912 1215 946 1276 te
961 1211 1058 1276 mirer
1079 1212 1199 1297 magis,
1222 1234 1265 1277 an
1287 1212 1344 1276 im-

150 1319 281 1401 probem
314 1316 385 1381 illos
421 1316 474 1400 qui
504 1315 678 1379 effecerunt
709 1315 746 1377 ut
767 1313 853 1377 istud
874 1334 1029 1398 magnum
1061 1315 1236 1399 videretur,
1273 1337 1346 1379 cum
1360 1335 1384 1373 10

150 1421 238 1484 velut
260 1417 355 1482 adfixi
380 1416 542 1482 curulibus
570 1416 635 1481 suis
665 1437 797 1479 manum
823 1416 951 1478 tantum
978 1417 1012 1479 et
1039 1414 1124 1480 hanc
1153 1421 1346 1482 cunctanter

150 1524 184 1585 ct
205 1522 297 1606 pigre
320 1524 352 1584 et
373 1519 606 1604 imputantibus
629 1518 748 1583 similes
770 1516 977 1602 promerent?
1000 1517 1137 1602 contigit
1152 1541 1230 1604 crgo
1245 1521 1346 1585 oculis

151 1622 270 1686 nostris
294 1629 416 1687 insolita
433 1624 507 1685 ante
519 1621 635 1704 facies,
657 1620 807 1704 princeps
823 1622 976 1704 aequatus
993 1619 1172 1686 candidatis
1195 1625 1229 1687 et
1250 1622 1346 1688 simul

151 1727 255 1807 stans3
286 1730 412 1801 coatipit
432 1722 551 1787 intueri
578 1743 689 1807 parem
712 1721 943 1806 accipientibus
970 1720 1124 1786 honorem
1152 1724 1208 1808 qui
1235 1725 1345 1790 dabat.

152 1825 234 1910 quod
257 1826 379 1890 factum
402 1828 492 1888 tuum
514 1848 533 1888 a
556 1828 671 1889 cuncto
694 1827 808 1888 senatu
830 1845 925 1908 quam
947 1845 1023 1889 vcra
1038 1824 1274 1891 adclamatione
1298 1846 1385 1892 ce-15

151 1928 310 1992 lebratum
333 1930 396 2010 est,
422 1929 525 1990 ‘tanto
547 1927 659 2010 maior,
682 1929 776 1990 tanto
799 1925 999 2011 augustior’!
1026 1949 1103 1991 nam
1127 1928 1177 1992 cui
1199 1928 1284 1993 nihil
1306 1931 1347 1994 ad

152 2029 333 2114 augendum
355 2029 522 2114 fastigium
545 2032 705 2113 superest,
730 2028 783 2093 hic
805 2051 869 2094 uno
891 2028 985 2093 modo
1009 2050 1150 2094 crescere
1170 2034 1296 2117 potest,
1320 2033 1346 2097 si

152 2153 185 2194 se
207 2130 275 2213 ipse
298 2130 478 2194 summittat
500 2153 629 2195 securus
644 2130 876 2217 magnitudinis
892 2152 977 2195 suae.
1001 2133 1208 2215 nequeenim
1224 2134 1266 2198 ab
1282 2135 1347 2200 ullo

151 2231 292 2317 periculo
313 2232 444 2296 fortuna
465 2233 648 2316 principum
669 2231 797 2318 longius
813 2233 904 2296 abest
923 2254 1019 2317 quam
1040 2232 1242 2299 humilitatis.
1267 2235 1347 2300 mihi

151 2333 279 2418 quidem
300 2337 455 2398 nontam
477 2333 661 2398 humanitas
688 2337 744 2398 tua
770 2356 865 2419 quam
887 2334 1025 2399 intentio
1050 2334 1117 2399 eius
1147 2336 1400 2407 admirabilisa

151 2435 332 2500 videbatur:
366 2436 483 2520 quippe
511 2458 582 2500 cum
610 2435 749 2501 orationi
777 2436 883 2500 oculos
915 2457 1025 2500 vocem
1054 2458 1186 2501 manum
1209 2459 1345 2504 commo·

151 2538 259 2621 dares,
283 2540 320 2602 ut
342 2538 369 2601 si
391 2537 446 2602 alii
469 2538 578 2602 eadem
600 2538 664 2603 ista
685 2538 889 2622 mandasses,
920 2559 1029 2603 omncs
1053 2538 1214 2604 comitatis
1235 2563 1345 2606 nume-

150 2764 352 2772 .-—-.———-

218 2916 233 2963 2
252 2913 373 2981 rexerint
390 2917 406 2964 b
476 2911 594 2981 tantum]
615 2920 671 2965 tam
690 2915 705 2978 β
782 2917 799 2966 4
816 2916 887 2965 bene
907 2942 935 2950 -
957 2915 1117 2967 inseruntur
1134 2919 1241 2983 Lipsiae
1260 2936 1294 2970 ne
1313 2948 1343 2956 -

150 2985 310 3033 inseruntur
327 2983 409 3038 roas
428 2999 462 3033 ne
480 2984 687 3035 —inserantur
704 2985 727 3032 Δ
744 2990 776 3033 ut
793 3009 827 3020 -
845 2985 1002 3035 inserantur
1019 2986 1149 3036 Liuineius
1248 2991 1265 3039 5
1283 3003 1343 3039 eon-

152 3048 296 3115 sularium]
316 3052 493 3101 conciliorum
512 3054 548 3101 cd
566 3052 780 3102 clarissimorum
799 3053 902 3116 Lipsius
973 3056 988 3103 7
1011 3068 1073 3103 cum
1093 3053 1258 3106 candidatus
1277 3058 1312 3106 od

149 3123 165 3169 8
187 3123 215 3168 et
233 3118 355 3168 deuexas
374 3120 481 3184 quidem
500 3122 630 3170 Liuineius
711 3123 742 3170 10
760 3120 833 3170 istud
851 3120 976 3188 gaudium
988 3121 1148 3187 magnumfl
1238 3127 1269 3174 11
1288 3141 1342 3175 ma·

150 3203 214 3237 num
232 3190 339 3235 tantum
358 3193 386 3237 et
404 3188 475 3237 hanc
494 3188 510 3252 β
529 3204 637 3238 manum
655 3193 762 3238 tantum
781 3192 809 3238 et
826 3188 931 3239 huncb
954 3205 1083 3255 magnum
1100 3195 1208 3240 tantum
1229 3198 1258 3242 et
1274 3191 1344 3242 hunc

151 3258 186 3304 cd
204 3255 397 3319 magistratum
417 3261 445 3305 et
462 3256 575 3308 huncA
644 3259 675 3306 12
693 3258 885 3322 promerentl
908 3264 1098 3323 promerentur
1115 3260 1138 3307 A
1156 3267 1344 3325 promererent

150 3324 186 3372 cd
238 3325 269 3373 13
287 3322 398 3373 insolita
419 3328 483 3374 ante
502 3325 592 3382 facies
611 3327 688 3375 edilia
707 3325 812 3375 Iuntina
831 3343 855 3378 a.
874 3328 940 3376 1515
958 3325 1072 3376 insolita
1090 3326 1179 3392 facies
1197 3329 1343 3380 Coronaeus

151 3397 216 3443 ante
235 3391 324 3441 facies
344 3389 401 3456 (om.
420 3392 545 3454 insolita)
563 3394 660 3445 naeu.
676 3394 798 3456 fortasse·
809 3394 944 3444 inusitata
962 3394 1049 3444 facies
1147 3399 1279 3462 princeps
1297 3413 1341 3447 ae-

150 3463 250 3526 quatus
275 3459 431 3511 candidatis
458 3468 486 3511 et
512 3461 593 3511 simul
620 3466 709 3521 stans,
741 3462 859 3526 contigit
884 3462 987 3513 intueri
1014 3462 1174 3514 Schwarzius
1208 3466 1342 3531 principis

151 3529 272 3594 equitum
291 3528 434 3578 candidati
453 3533 481 3578 et
498 3528 579 3579 simul
602 3530 703 3579 stantis
725 3529 829 3579 intueri
846 3528 869 3577 Δ
890 3531 1021 3596 princeps
1043 3533 1183 3595 equitatus
1202 3540 1231 3583 et
1250 3534 1342 3584 candi-

149 3596 230 3646 datus
259 3601 287 3645 et
313 3596 393 3646 simul
420 3597 520 3647 stantis
547 3598 681 3647 intueris
708 3597 839 3662 principis
865 3598 1005 3664 equitatus
1032 3599 1195 3650 candidatus
1219 3606 1247 3652 et
1263 3602 1341 3652 simul

151 3665 251 3713 stantis
278 3665 413 3715 intuerid
440 3666 568 3730 princeps
597 3664 761 3715 candidatus
787 3666 895 3730 equitus
923 3671 951 3716 et
978 3666 1058 3716 simul
1081 3669 1182 3718 stantis
1201 3670 1341 3720 intueriB

150 3733 277 3797 princeps
297 3739 325 3784 et
344 3732 506 3783 candidatus
525 3734 627 3798 equitis
654 3733 734 3782 simul
754 3737 861 3783 stantes
884 3735 989 3784 intueri
1008 3747 1024 3789 ς
1051 3734 1179 3801 princeps
1199 3742 1229 3787 et
1248 3739 1342 3788 candi·

150 3800 231 3850 datus
250 3802 434 3868 aequalesque
451 3807 478 3850 et
495 3801 575 3850 simul
594 3805 700 3851 stantes
718 3802 818 3850 intueri
836 3804 914 3852 editio
933 3803 1038 3853 Iuntina
1049 3820 1074 3854 a.
1089 3807 1166 3868 1515,
1184 3808 1253 3857 anda
1271 3807 1342 3873 prin·

151 3883 216 3933 ceps
237 3874 266 3918 et
284 3869 447 3920 candidatus
467 3870 599 3934 aequales
618 3875 646 3920 et
664 3869 745 3920 simul
763 3873 869 3920 stantes
880 3871 1039 3936 intuerique
1056 3874 1137 3936 culpo,
1156 3873 1200 3922 ubi
1211 3875 1341 3925 candida-

150 3940 195 3986 tus
215 3936 273 3987 eius
292 3938 372 3987 simul
390 3940 496 3987 coniecit
514 3939 633 4002 Lipsius,
658 3937 820 3988 candidatus
844 3953 930 4003 aeque
954 3944 981 3990 et
1001 3939 1080 3989 simul
1098 3941 1260 4007 Perizonius,
1281 3959 1341 3993 can-

150 4004 260 4053 didatus
279 4008 405 4070 aequitus
425 4010 453 4056 et
479 4005 559 4055 simul
576 4005 601 4056 I.
619 4007 650 4056 F.
672 4007 812 4057 Gronovius
830 4006 920 4072 dicia}
932 4009 958 4057 ia
976 4007 1043 4060 Stat.
1062 4024 1085 4061 c.
1105 4011 1148 4061 32.
1168 4011 1299 4076 princeps
1317 4016 1342 4061 et

150 4071 314 4123 candidatus
333 4075 416 4138 aequi
435 4079 491 4122 tum
510 4079 536 4122 et
554 4074 635 4124 simul
662 4079 770 4125 stantes
789 4076 891 4124 intueri
909 4077 1066 4127 Arntzeaias
1083 4077 1212 4142 princeps
1232 4085 1261 4130 et
1280 4096 1341 4130 cau·

150 4139 262 4190 didatus
282 4142 394 4206 aequati
413 4146 440 4191 et
458 4142 537 4191 simul
556 4147 664 4192 stantes
683 4143 816 4208 Gieripias.
844 4144 996 4209 principem
1020 4149 1168 4210 aequatum
1187 4148 1342 4199 candidatis

152 4213 179 4256 et
197 4208 277 4258 simul
298 4214 418 4260 stantem
436 4210 538 4260 intueri
556 4213 612 4261 olim
631 4213 701 4260 edidi
787 4213 818 4261 16
837 4216 880 4262 est
899 4228 945 4264 am.
963 4214 979 4261 b
1068 4214 1215 4279 augustior
1232 4216 1278 4265 Ad
1295 4233 1341 4267 au-

149 4276 254 4340 gustior
271 4278 310 4326 Bo
380 4280 411 4328 19
430 4295 511 4344 quam
531 4279 565 4327 ab
584 4278 739 4329 humilitate
760 4281 903 4330 Calaureae
988 4282 1019 4330 21
1039 4297 1100 4331 cum
1117 4285 1204 4333 om.B
1284 4301 1341 4335 ora·

148 4362 219 4411 tioni
237 4361 330 4413 oculos
348 4378 462 4414 necesse
486 4345 567 4428 (noea
586 4361 613 4429 b)
632 4382 740 4415 manum
759 4366 945 4416 commodares
963 4367 983 4415 B
1002 4367 1120 4417 orationi
1133 4369 1229 4420 oculos
1247 4386 1341 4422 uocem

149 4445 259 4480 manum
278 4431 479 4482 commendares
498 4433 533 4481 cd
550 4435 702 4483 orationem
720 4434 807 4484 oculis
824 4450 892 4485 uoce
911 4450 995 4484 manu
1018 4437 1226 4488 commendares
1243 4438 1266 4487 A

150 4500 182 4548 22
200 4503 230 4548 ut
249 4499 272 4548 si
292 4500 364 4550 alius
383 4500 477 4551 eadem
495 4502 552 4554 ista
569 4501 728 4553 mandasset
748 4503 851 4569 Lipsius
