3024 5062
649 303 860 358 PRAEFATIO.
1289 300 1353 356 xlx

150 446 333 540 frequenter
354 466 492 526 hortatus
506 483 546 525 es.
569 460 604 524 in
626 461 691 525 fine
707 467 884 527 Absolutum
905 483 978 542 opus
992 467 1198 542 epistolarum.
1217 465 1247 523 C.
1262 467 1356 525 Plinii

154 567 291 627 iunioris
324 566 461 643 Neapoli.
500 567 660 627 Mittesimo
692 570 987 643 puudriupemesimo
1020 569 1237 642 septuupesimo
1268 574 1354 627 serto

154 685 255 728 mense
275 668 358 728 Iulii.
395 669 553 743 Impressit
581 670 716 730 llluthius
744 670 893 730 Moruuus
921 672 971 729 uir
996 671 1150 744 stuputuri
1174 671 1290 743 ipenio:
1314 651 1354 728 'et

155 777 232 829 arte.
257 769 441 844 Beeopuooit
454 769 604 830 Ium'uuus
618 773 716 831 muius
727 768 953 847 parthenopeus
968 772 1073 831 rhetor
1081 771 1223 845 publicus
1236 786 1353 831 summu

155 886 234 931 curu
255 887 428 945 summaque
450 871 618 946 dilipeutiu.
657 867 751 932 buius
774 889 898 952 quoque
913 866 1062 931 editionis
1085 889 1186 951 pauca
1208 867 1353 951 exempla

156 990 246 1032 nunc
278 967 497 1033 inveniuntur.
546 991 607 1054 ego
640 969 701 1034 duo
737 972 845 1033 extare
877 969 968 1053 novi,
1003 969 1138 1033 alterum
1165 969 1286 1033 Romae
1317 970 1354 1033 in

156 1069 354 1134 bibliotheca
377 1069 604 1153 Oasauatensi,
629 1071 766 1135 alterum
787 1071 921 1135 Parisiis
944 1071 979 1135 in
1000 1070 1130 1154 publica
1145 1070 1350 1135 bibliotheca.

156 1170 253 1236 tertio
275 1171 352 1236 olim
373 1193 449 1236 usus
478 1174 527 1236 est
552 1171 578 1236 I.
602 1171 638 1236 F.
662 1172 826 1237 Grunerus
854 1177 917 1237 act.
947 1173 1056 1237 societ.
1090 1173 1147 1236 lat.
1171 1172 1298 1236 lenens.
1322 1194 1352 1236 v.

156 1273 207 1336 ΙΙΙ
239 1296 271 1357 p.
300 1274 359 1356 23,
395 1274 449 1357 qui
481 1274 559 1337 illud
593 1275 628 1337 in
661 1274 858 1340 bibliotheca
884 1275 1012 1339 lenensi
1042 1273 1223 1339 academica
1255 1273 1354 1338 fuisse

157 1373 285 1458 scribit3
308 1375 363 1438 sed
385 1396 473 1439 nunc
495 1375 541 1439 ibi
563 1397 629 1439 non
651 1376 824 1440 invenitur.
862 1377 897 1441 in
924 1375 986 1440 hac
1007 1376 1108 1460 igitur
1129 1375 1268 1439 editione
1291 1376 1356 1458 epi-

157 1475 262 1540 stulae
284 1476 359 1540 libri
380 1477 486 1540 octavi
515 1499 553 1540 cx
575 1477 722 1541 Romana
749 1478 889 1543 editione
919 1478 1076 1562 repet'tae
1098 1480 1184 1542 sunt.
1220 1476 1256 1540 in
1283 1476 1355 1541 reli-

157 1577 229 1661 quis
252 1577 354 1641 editor
375 1571 495 1661 partim
517 1576 698 1642 Romanam
719 1581 838 1663 partim
866 1580 1045 1664 principem
1074 1579 1246 1643 editionem
1269 1598 1355 1642 secu-

157 1681 210 1743 tus
233 1681 296 1762 est3
319 1699 385 1742 non
407 1677 497 1742 nulla
519 1701 593 1742 vero
617 1680 714 1744 etiam
738 1704 796 1746 sua
812 1683 994 1746 coniectura
1016 1681 1066 1744 vel
1082 1679 1226 1745 adhibito
1248 1679 1354 1763 aliquo

158 1803 176 1844 e
197 1780 384 1865 vulgaribus
407 1783 478 1844 octo
499 1779 654 1845 librorum
678 1783 839 1849 codicibus
861 1783 1009 1847 mutavit.
1032 1805 1109 1846 nam
1130 1780 1212 1846 nihil
1233 1780 1354 1845 indica-

158 1885 228 1945 tum
251 1880 360 1946 inveni
367 1931 376 1964 ‚
401 1881 485 1965 quod
507 1903 524 1945 e
546 1883 676 1947 meliore
700 1885 807 1948 codice
829 1884 1038 1968 repetendum
1061 1884 1103 1947 sit
1127 1884 1151 1967 ).

244 1982 350 2047 Ceteri
372 1984 509 2048 editores
538 1988 613 2048 ante
643 2008 763 2050 annum
787 1987 869 2051 1490
892 1986 975 2051 solos
1003 1968 1074 2073 octo
1100 1985 1199 2048 libros
1227 2007 1244 2048 e
1266 1984 1353 2068 prin·

160 2084 230 2167 cipe
253 2083 408 2167 editione,
431 2089 467 2148 ut
489 2085 629 2169 ridetur,
654 2087 806 2170 repetitos
829 2091 862 2153 et
883 2088 1058 2153 identidem
1086 2091 1244 2151 correctos
1267 2086 1353 2151 exhi-

159 2185 307 2249 buerunt.
345 2186 401 2249 sed
433 2207 469 2250 eo
497 2208 584 2251 anno
606 2209 699 2271 quem
721 2188 788 2253 dixi
815 2188 1056 2274 Pomponius
1084 2188 1230 2252 Laetus
1262 2187 1353 2252 novis

159 2286 309 2351 subsidiis
330 2287 506 2352 instructus
529 2290 777 2354 emendatiorem
799 2291 972 2356 editionem
982 2290 1119 2375 paravit,
1141 2291 1165 2356 f.
1183 2292 1211 2354 1.
1243 2297 1354 2355 Vusiuo

162 2393 340 2453 Gumberiue
368 2395 541 2453 iunocentii
567 2395 655 2455 Pout.
685 2397 773 2456 Mun.
802 2400 938 2458 ministro
956 2405 984 2455 'u
1012 2398 1148 2458 cubiculo
1174 2397 1356 2472 Pomponius

160 2495 280 2556 Laetus.
305 2495 529 2555 Commoditutis
541 2513 637 2556 cuusu
659 2504 691 2556 ut
703 2501 847 2559 certiores
859 2497 1035 2570 faceremus
1056 2498 1192 2557 absentes
1211 2500 1354 2573 epistolas

162 2598 301 2656 iuuentus
311 2613 374 2656 esse
385 2598 537 2656 eredimus
549 2631 582 2640 —
597 2597 648 2655 Ex
659 2599 696 2658 iis
708 2599 822 2660 Caecili
831 2600 973 2674 epistolas
983 2614 1072 2671 quum
1080 2597 1350 2671 familiarissimus,

162 2716 182 2758 u
202 2701 271 2761 stilo
284 2701 449 2770 communi,
474 2705 504 2759 et
514 2717 568 2759 usu
586 2716 645 2760 uon
663 2702 867 2774 abhorrentis,
889 2708 919 2759 et
941 2716 960 2758 u
982 2700 1067 2759 uotis
1081 2706 1114 2760 ut
1135 2701 1256 2760 minime
1271 2701 1355 2773 ipuo-

160 2818 214 2862 rus
224 2803 378 2870 reuolutis
393 2808 422 2860 et
435 2804 563 2861 conlutis
574 2805 696 2863 uetustis
711 2804 936 2881 exemplaribus
947 2803 1136 2874 cruentatus,
1150 2800 1264 2861 Iouuui
1277 2799 1355 2860 Rhe-

160 2905 261 2978 piensi
271 2905 462 2977 Bibliopolue
477 2902 668 2978 eftiupituuti
677 2922 717 2966 eu
735 2915 789 2966 tuu
795 2907 956 2981 presertim
975 2907 1129 2966 uoluntate
1139 2903 1356 2980 imprimendas

162 3090 365 3099 —m———ffl

230 3187 255 3256 ¹⁸)
273 3191 409 3242 Editionis
427 3191 628 3257 Neapolitanae
652 3193 805 3259 scripturae
828 3209 883 3243 non
905 3193 999 3243 nullae
1023 3192 1164 3241 indicatae
1183 3192 1292 3240 suntin
1311 3206 1357 3240 cx·
1451 3200 1455 3205 '

163 3261 268 3324 cerptis
287 3259 423 3309 Friderici
439 3261 605 3320 Brumrneri,
630 3277 701 3325 quae
724 3261 876 3326 Longolius
900 3262 1014 3311 editioni
1032 3260 1182 3310 Cottianae
1205 3259 1357 3324 praemisit.

163 3328 235 3377 idem
246 3328 421 3377 Brummerus
439 3329 547 3380 duobus
560 3329 700 3379 codicibus
711 3331 845 3380 Parisinis
863 3345 927 3380 usus
947 3333 999 3387 est,
1019 3343 1133 3392 quorum
1153 3327 1225 3376 alter
1236 3327 1256 3374 Β
1266 3326 1358 3377 multis

163 3396 232 3445 locis
250 3411 312 3445 cum
329 3396 516 3461 Neapolitana
536 3399 656 3447 editione
675 3399 820 3448 consentit.
849 3396 953 3447 dehoc
977 3412 993 3446 a
1017 3411 1060 3446 me
1083 3397 1271 3460 interrogatus
1288 3395 1359 3445 Leo-

165 3463 263 3529 poldus
280 3463 387 3514 Delisle
409 3464 598 3517 intercedente
618 3465 786 3516 Mommseno
810 3465 953 3531 respondit
976 3480 1037 3513 eum
1061 3479 1121 3514 esse
1141 3463 1261 3512 codicem
1279 3462 1358 3512 Pari·

164 3532 254 3581 sinum
271 3533 338 3582 8620
362 3531 537 3583 chartaceum
559 3535 609 3583 sub
633 3533 713 3582 finem
738 3534 828 3597 quinti
852 3533 951 3583 decimi
974 3531 1081 3582 saeculi
1103 3532 1248 3595 scriptum,
1273 3529 1360 3581 fuisse

166 3605 258 3650 autem
276 3600 341 3648 olim
359 3600 529 3651 Perdinandi
553 3602 626 3665 regis
649 3600 830 3667 Neapolitani
853 3605 881 3649 et
903 3601 1047 3650 secretarii
1071 3601 1131 3650 eius
1148 3596 1291 3648 Antonelli
1309 3599 1359 3648 Pe·

166 3667 265 3720 trucci.
282 3668 409 3717 continet
427 3673 518 3717 autem
536 3669 621 3719 libros
638 3668 741 3719 I-VII
754 3674 782 3718 et
798 3669 847 3720 IX.
874 3669 898 3718 is
920 3669 1007 3732 igitur
1030 3685 1047 3718 a
1065 3667 1176 3732 reliquis
1195 3671 1257 3716 octo
1275 3665 1359 3716 libro-

166 3751 224 3784 rum
242 3733 383 3784 codicibus
400 3735 568 3786 dissentiens
586 3751 670 3800 saepe
690 3753 738 3786 eas
757 3737 910 3800 scripturas
929 3751 999 3800 quae
1017 3736 1045 3784 in
1064 3736 1189 3784 Romana
1206 3737 1233 3782 ct
1250 3733 1359 3799 Neapo-

165 3802 255 3852 litana
273 3801 392 3852 editione
412 3801 456 3854 vel
475 3805 503 3852 in
522 3819 576 3854 una
589 3804 777 3868 Neapolitana
790 3804 882 3854 editae
895 3808 959 3854 sunt
970 3805 1093 3868 praebet.
1111 3804 1158 3854 vix
1170 3808 1263 3852 tamen
1276 3800 1359 3852 credo

167 3886 216 3920 nos
235 3869 269 3919 dc
282 3875 375 3920 vetere
395 3868 492 3920 codice
512 3870 615 3937 dequo
634 3874 790 3936 quaerimus
816 3871 944 3922 adhibita
961 3873 1148 3936 Neapolitana
1173 3869 1295 3919 editione
1314 3868 1360 3920 vel

166 3937 294 3988 Parisino
314 3938 408 3988 codice
427 3941 560 3990 certiores
579 3939 648 3990 fieri.
667 3941 776 3990 interim
795 3942 823 3988 in
841 3955 896 3990 una
910 3940 1028 4005 epistula
1039 3939 1079 3990 IX
1091 3942 1123 3989 39
1136 3939 1280 4001 utriusque
1295 3936 1360 3986 libri

166 4006 384 4070 discrepantiam
403 4006 551 4057 adnotabo.
569 4009 590 4056 B
609 4007 693 4058 codex
714 4009 866 4058 Parisinus.
884 4008 908 4056 r
935 4007 1020 4057 editio
1038 4007 1234 4071 Neapolitana.
1261 4021 1287 4070 p.
1300 4005 1359 4068 265,

168 4076 199 4125 18
217 4075 388 4138 Haruspicum
405 4075 426 4122 B
446 4074 624 4140 Harrrispicum
641 4075 665 4123 n
750 4077 844 4127 morritu
861 4092 912 4130 om.
931 4076 955 4124 n
979 4128 982 4133 ,
1034 4078 1113 4126 aedes
1129 4075 1246 4139 impediis
1263 4075 1361 4125 cereris

166 4145 192 4192 ia
210 4143 332 4192 meliusB
401 4145 435 4192 20
451 4143 640 4207 septembrisB
724 4140 840 4209 mappas]
859 4144 1046 4206 indicerent
1123 4145 1155 4192 22
1173 4143 1200 4191 iu
1216 4143 1360 4205 promimum

167 4211 190 4260 n
257 4205 402 4276 suffupium]
421 4212 606 4276 ruffi-opimati
675 4214 707 4262 23
724 4214 843 4274 retipiose
859 4213 977 4275 facturus
994 4211 1018 4259 n
1086 4213 1119 4260 24
1136 4207 1235 4275 aedem]
1255 4211 1361 4260 eoadem

167 4280 202 4344 Β,
220 4278 313 4329 cnuti
382 4280 564 4329 extruxeroli
631 4281 794 4344 porticumB
879 4281 912 4329 at
930 4276 1002 4345 uerti]
1023 4287 1049 4328 et
1065 4279 1089 4327 n
1173 4279 1248 4327 etium
1263 4278 1361 4338 faciem

168 4350 224 4398 dum
241 4345 398 4410 (faciundum
416 4348 446 4407 Β)
465 4349 546 4412 ipsius
563 4348 610 4397 dee
627 4349 724 4412 cippum
741 4348 791 4397 un
877 4350 935 4410 266,
955 4351 970 4396 Β
989 4341 1119 4412 quantum]
1139 4352 1247 4411 quantus
1264 4347 1284 4394 Β

167 4411 240 4480 ailad]
260 4418 302 4464 uei
318 4414 342 4462 n
418 4417 536 4465 uidemur
554 4431 656 4465 necesse
674 4431 730 4466 esse
748 4417 911 4480 repetendum
930 4417 950 4464 Β
968 4417 1088 4465 uideatur
1105 4429 1209 4465 neeesse
1226 4415 1302 4464 istinc
1319 4430 1361 4464 re-

165 4482 336 4549 petendumlt
405 4485 601 4533 3utorn.B1t
669 4487 803 4549 dpossum
820 4486 979 4535 circumdare
997 4484 1046 4532 un
1107 4478 1254 4548 bprutum]
1272 4485 1361 4548 plura-

168 4559 216 4602 tum
233 4550 257 4598 lt
326 4552 563 4616 'tempticubuntB
631 4554 744 4602 inrrcnies
761 4553 810 4601 ΒΒ

1121 4634 1159 4688 b*
