3024 5062
454 255 699 306 nrisrunaaun
721 256 811 303 v1111.
841 251 882 300 34.
905 251 946 299 35.
968 251 1002 298 aa
1246 239 1324 305 263

130 411 324 479 validissime
347 413 483 496 cupiam.
513 410 568 476 sed
589 431 660 473 eam
682 408 894 478 reverentiam
917 429 988 471 cum
1015 407 1133 472 litteris
1154 409 1232 494 ipsis
1256 413 1325 474 tum

130 514 260 599 scriptis
282 515 345 579 tuis
360 514 459 578 debeo
466 563 475 596 ,
499 516 536 577 ut
549 533 673 577 sumere
695 510 752 575 illa
773 510 836 574 nisi
858 532 959 574 vacuo
974 509 1081 586 animo
1102 510 1325 595 inreligiosum

131 618 253 699 putem.
290 615 492 701 diligentiam
519 618 609 679 tuam
636 614 670 678 in
694 611 908 677 retractandis
931 611 1078 696 operibus
1100 612 1190 676 valde
1212 613 1353 696 probo2

131 718 312 781 esttamen
334 716 449 801 aliquis
470 717 597 799 modus,
619 715 758 800 primum
789 713 874 798 quod
899 713 1000 777 nimia
1023 735 1098 777 cura
1120 714 1236 779 deterit
1257 737 1324 780 ma-

103 818 180 902 ngis
208 823 305 903 quam
332 817 497 901 emendat,
531 817 645 882 deinde
680 816 763 900 quod
796 836 855 879 nos
889 837 908 878 a
935 815 1165 879 recentioribus
1194 822 1324 882 revocat

129 917 286 1002 simulque
312 941 373 984 nec
405 919 544 985 absolvit
576 919 683 1004 priora
713 921 746 982 et
762 915 919 981 inchoare
946 916 1125 1000 posteriora
1151 939 1217 983 non
1238 920 1322 1002 pati-

131 1022 194 1083 tur.
211 1021 293 1085 vale.

649 1187 801 1254 xxxvi.

491 1310 520 1361 c.
539 1311 687 1362 Pervius
705 1309 824 1361 rusco
844 1309 913 1362 suo
933 1309 959 1360 s.

92 1461 115 1500 10
212 1426 346 1502 Quaeris
367 1448 462 1512 quem
483 1427 524 1491 ad
546 1426 673 1490 modum
700 1426 736 1491 in
758 1425 870 1490 Tuscis
893 1425 976 1495 diem
999 1429 1121 1491 aestate
1143 1426 1350 1512 disponaml

127 1529 244 1613 evigilo
268 1551 348 1613 cumi
360 1529 470 1613 libuit,
491 1527 676 1612 plerumque
699 1528 784 1593 circa
807 1527 917 1592 horam
939 1527 1092 1612 primam,
1116 1550 1210 1614 saepe
1233 1532 1320 1613 ante,

126 1629 249 1694 tardius
276 1652 364 1694 raro:
394 1631 520 1694 clausae
546 1630 707 1693 fenestrae
734 1632 878 1693 manent.
914 1629 994 1694 mire
1021 1629 1107 1694 enim
1135 1629 1263 1694 silentio
1289 1636 1351 1699 112
1424 1713 1428 1720 .

125 1732 269 1796 tenebris
291 1732 332 1796 ab
353 1732 393 1796 iis
414 1753 496 1816 quae
517 1733 652 1795 avocant
674 1731 830 1795 abductus
859 1734 892 1795 et
918 1730 999 1794 liber
1027 1733 1059 1794 et
1083 1730 1164 1794 mihi
1190 1731 1321 1796 relictus

126 1855 192 1898 non
215 1833 323 1898 oculos
346 1833 469 1915 animo,
499 1833 555 1897 sed
577 1832 719 1896 animum
742 1832 842 1896 oculis
869 1853 997 1915 sequor,
1028 1832 1083 1917 qui
1106 1833 1216 1897 eadem
1238 1857 1319 1918 quae

92 1967 114 2008 a
126 1956 217 1999 mens
232 1934 358 2017 vident,
375 1933 522 2018 quotiens
537 1954 604 1997 non
618 1933 728 1997 vident
743 1932 816 1997 alia.
849 1933 971 2018 cogito,
988 1934 1093 2017 siquid
1108 1935 1143 1997 in
1157 1936 1318 2019 mambae,

126 2035 233 2121 cogito
255 2035 295 2099 ad
317 2035 448 2100 verbum
469 2033 623 2099 scribenti
645 2034 891 2118 emendantique
913 2035 1042 2117 similia,
1066 2058 1154 2100 nunc
1167 2038 1319 2121 pauciora

124 2159 213 2201 nunc
241 2137 350 2221 plura,
379 2139 416 2201 ut
438 2136 488 2201 vel
516 2135 647 2200 difficile
674 2135 725 2200 vel
752 2135 848 2200 facile
876 2136 1023 2220 componi
1045 2137 1186 2201 tenerive
1208 2142 1318 2222 potue-

124 2241 210 2303 runt.
243 2239 404 2302 notarium
421 2258 497 2302 voco
519 2240 551 2301 ct
573 2237 623 2301 die
645 2237 781 2301 admisso
797 2259 876 2322 quae
898 2237 1111 2303 formaveram
1127 2238 1227 2303 dicto:
1251 2241 1319 2305 abit

124 2361 296 2425 rursusque
323 2341 492 2404 revocatur
518 2360 690 2422 rursusque
718 2338 900 2405 dimittitur.
939 2340 993 2404 ubi
1021 2339 1100 2404 hora
1126 2344 1241 2425 quarta
1268 2343 1347 2414 vcl3

87 2473 113 2515 a
125 2441 238 2525 quinta
260 2440 478 2535 (nequeenim
497 2442 618 2505 certum
633 2440 873 2525 dimensumque
894 2443 1047 2527 tempus),
1071 2445 1107 2506 ut
1121 2442 1188 2507 dies
1203 2444 1316 2528 suasit,

123 2543 159 2607 in
186 2545 314 2627 xystum
340 2542 468 2608 meve]
497 2541 768 2626 cryptoporticum
796 2543 941 2627 confero,
969 2543 1093 2628 reliqua
1121 2543 1256 2608 meditor
1284 2548 1317 2610 et

125 2643 225 2709 dicto:
253 2642 433 2709 vehiculum
456 2644 608 2709 ascendo:
635 2643 681 2707 ibi
703 2664 828 2728 quoque
852 2643 938 2708 idem
959 2645 1043 2730 quod
1071 2644 1239 2710 ambulans
1261 2648 1317 2710 aut

123 2747 248 2811 iacens:
281 2745 376 2810 durat
397 2745 535 2811 intentio
556 2745 734 2810 mutatione
756 2746 827 2830 ipsa
841 2746 971 2810 refecta.
993 2744 1125 2829 paulum
1146 2746 1314 2831 redormio‚

123 2847 199 2911 dein
220 2846 363 2931 ambulo,
386 2868 460 2911 mox
475 2848 651 2913 orationem
666 2868 815 2932 graecam
835 2847 1010 2912 latinamve
1032 2847 1116 2911 clare
1137 2848 1171 2911 et
1190 2847 1315 2914 intente

80 2982 110 3022 25
123 2970 190 3013 non
210 2951 279 3012 tam
301 2948 386 3013 vocis
409 2971 505 3014 causa
520 2971 616 3034 quam
638 2947 796 3014 stomachi
816 2947 905 3034 leg03
932 2948 1054 3034 pariter
1074 2950 1184 3014 tamen
1206 2951 1239 3014 et
1260 2949 1316 3016 illa

92 3252 93 3256 =
192 3225 285 3273 leam
303 3225 490 3275 reuerentiam
506 3225 573 3278 Βς1
591 3237 625 3271 ea
643 3223 800 3273 reuerentia
817 3237 852 3285 pr
920 3227 978 3272 tum
996 3224 1137 3288 compr,
1162 3226 1223 3274 add.
1242 3236 1280 3281 ςι

120 3292 326 3422 loffiffiffluff
344 3292 430 3342 nimia
449 3306 514 3341 cura
532 3290 639 3340 dederit
655 3304 671 3352 p
741 3293 854 3341 bnosa
873 3291 1073 3342 recentioribus
1091 3304 1131 3347 ςα
1147 3308 1197 3344 nos
1216 3308 1313 3345 recen-

189 3493 306 3546 XXXVI
324 3497 356 3545 10
373 3495 434 3546 dics
451 3507 487 3550 τς
555 3495 586 3544 11
606 3490 751 3558 euigilior
828 3509 889 3544 cum
908 3492 1035 3544 collibuit
1051 3506 1086 3555 pr
1172 3495 1246 3546 circa
1264 3513 1311 3547 om.

119 3578 134 3614 r
212 3565 243 3613 12
269 3563 337 3614 miro
353 3590 389 3600 -
406 3563 540 3614 abductus
558 3575 575 3609 a
600 3562 668 3612 mire
691 3560 789 3626 (mirae
807 3560 836 3627 p]
864 3562 936 3612 enim
954 3569 1014 3611 ou'm
1032 3561 1173 3612 silentium
1192 3566 1219 3612 et
1237 3568 1312 3614 tene·

121 3632 189 3682 brac
207 3631 242 3681 ab
260 3631 392 3697 hisquae
411 3631 549 3681 aduocant
567 3629 693 3680 abductis
710 3631 772 3692 Dpr
793 3630 860 3680 mire
884 3629 957 3680 enim
980 3643 1040 3678 cum
1059 3629 1171 3680 silentio
1189 3636 1217 3680 et
1235 3635 1312 3682 tene-

120 3699 178 3749 bris
195 3699 304 3749 animus
321 3699 407 3750 alitur
426 3705 454 3750 et
472 3698 508 3749 ab
526 3698 569 3750 his
587 3712 658 3762 quae
681 3702 802 3748 auocant
824 3696 959 3748 abductus
979 3708 995 3751 ς
1098 3699 1129 3747 13
1149 3701 1176 3747 et
1194 3697 1266 3749 liber
1284 3705 1312 3750 et

120 3767 189 3816 mihi
206 3766 319 3817 relictus
337 3778 376 3823 ςο,
395 3771 422 3816 et
439 3766 511 3816 liber
530 3772 558 3816 et
576 3765 643 3815 mihi
661 3769 689 3816 et
707 3764 819 3815 relictus
836 3767 899 3827 Dpr
985 3767 1017 3814 14
1034 3778 1136 3828 sequor
1152 3777 1192 3820 ς1
1210 3781 1312 3831 sequar

119 3835 184 3897 Bor
252 3835 284 3884 15
301 3849 378 3885 mens
395 3835 493 3886 uident
510 3846 549 3889 ςι
565 3849 642 3884 mens
660 3832 761 3883 uiderit
777 3833 799 3882 Β
818 3847 896 3883 mens
913 3831 989 3882 uidet
1006 3846 1022 3894 p
1040 3846 1116 3881 meos
1134 3833 1230 3884 uident
1247 3848 1261 3882 r

121 3903 216 3967 cogito
234 3901 269 3950 ad
286 3903 310 3952 si
328 3903 425 3966 quidr
493 3904 525 3952 16
544 3901 705 3954 aduerbium
721 3902 744 3949 Β
812 3901 1161 3964 nuncpaucioraom.11p
1231 3903 1262 3952 tv
1281 3909 1311 3952 ut

119 3984 167 4020 om.
184 3969 227 4031 Dp
295 3970 419 4020 tenerive
438 3967 599 4037 potuerunt]
618 3973 758 4020 teneturr
843 3970 875 4020 18
893 3969 986 4019 notari
1002 3969 1111 4018 uocoll
1180 3967 1252 4018 diem
1270 3971 1311 4018 Dr

190 4037 291 4087 amisso
308 4052 322 4087 r
401 4052 471 4103 quae
490 4038 673 4090 formaueram
690 4038 777 4102 dicto,
796 4036 855 4087 abit
873 4050 1022 4100 rursusque
1039 4038 1187 4086 reuocatus
1205 4051 1222 4085 a
1239 4052 1309 4102 quae

120 4104 305 4156 formaueram
323 4109 470 4155 reuocetur
485 4108 508 4155 Β
535 4121 606 4171 quae
629 4106 744 4156 formam
767 4121 861 4156 ueram
879 4108 1043 4166 reuocantp
1070 4116 1122 4168 que
1141 4102 1229 4154 forma
1247 4118 1310 4155 uera
1366 4150 1372 4171 „

119 4177 267 4223 reuocetur
283 4186 297 4221 r
314 4186 385 4237 quae
401 4173 583 4224 formaueram
601 4180 768 4224 reuocentur
785 4186 802 4230 ς
896 4175 928 4223 19
946 4165 1106 4236 dimittitur]
1124 4172 1276 4223 remittitur
1293 4188 1310 4222 a

187 4241 219 4290 21
237 4240 267 4290 in
284 4254 362 4291 om.r
429 4243 662 4308 cryptoporticum
679 4253 716 4296 ςο,
735 4241 951 4307 cryptoporticus
968 4241 1011 4302 Dp
1030 4239 1117 4304 cripto
1135 4239 1275 4304 porticur

119 4306 243 4359 referor
292 4307 401 4372 reliqua
418 4309 536 4359 meditor
553 4314 581 4361 et
599 4309 674 4360 dicto
692 4323 709 4357 a
730 4308 837 4375 reliqua
855 4308 971 4359 meditor
990 4307 1080 4356 edicto
1097 4319 1111 4353 r
1128 4307 1235 4372 reliqua
1253 4324 1307 4359 me·

120 4375 193 4426 ditor
209 4374 284 4427 dicto
303 4380 331 4426 ct
348 4387 365 4431 ς
382 4374 518 4442 reliquam
535 4378 661 4429 medetur
679 4376 770 4427 edicto
788 4379 831 4438 Dp
882 4378 915 4425 22
937 4375 978 4424 ibi
996 4389 1104 4439 quoque
1122 4388 1161 4436 pa
1180 4375 1227 4429 ubi
1240 4391 1304 4442 quo·

121 4457 173 4508 quo
190 4444 253 4500 Βις
320 4445 354 4495 23
371 4443 473 4496 referta
489 4447 543 4508 pr*
611 4443 788 4511 paululump
856 4445 889 4494 24
907 4441 1005 4494 deinde
1022 4456 1057 4505 pr
1125 4444 1159 4493 25
1176 4442 1238 4510 lego
1256 4460 1304 4502 om.

119 4511 174 4577 Bp,
192 4513 255 4564 add.
272 4522 329 4570 rsa
421 4513 526 4580 pariter
543 4519 638 4565 tamen
655 4516 683 4564 et
699 4511 749 4566 illa
765 4512 887 4564 firmatur
904 4527 952 4567 om.
968 4512 1039 4577 apr,
1057 4511 1119 4562 add.
1137 4526 1154 4561 a
