3024 5062
554 246 795 297 PANEGYRIGUS
811 244 852 292 24.
869 244 910 292 aa.
1266 233 1328 298 337

136 399 291 482 imputes,
320 399 410 465 facis.
454 399 566 467 haeret
593 403 687 467 lateri
720 405 776 468 tuo
808 400 951 486 quisquis
985 401 1135 485 accessit,
1169 402 1328 487 finemque

137 503 277 566 sermoni
306 525 381 567 suus
411 504 523 589 cuique
551 505 667 590 pudor,
701 523 768 569 non
795 507 852 569 tna
882 504 1030 588 superbia
1057 504 1146 569 facit.
1189 505 1330 589 regimur

137 605 264 689 quidem
288 628 306 669 a
328 609 360 670 te
383 609 415 670 et
429 607 564 671 subiecti
586 607 662 691 tibi,
686 607 741 671 sed
756 629 850 692 quem
866 608 904 670 ad
920 607 1048 671 modum
1063 607 1189 692 legibus
1205 629 1329 672 sumus:

136 728 211 770 nam
240 709 272 771 et
298 708 373 772 illae
401 709 592 793 cupiditates
625 712 752 774 nostras
785 709 996 793 libidinesque
1023 710 1244 794 moderantur,
1274 732 1330 773 no·

111 810 260 875 ibiscum
282 814 392 875 tamen
415 815 447 876 et
469 813 554 876 inter
581 833 640 876 nos
662 815 840 876 versantur.
879 813 1015 896 aminea,
1047 813 1190 897 excellis,
1219 815 1255 876 ut
1276 813 1330 876 ho-

137 934 212 996 nor,
242 915 278 977 ut
304 916 462 997 potestas,
493 936 574 998 quae
601 936 695 998 snper
716 912 862 978 homines
890 914 1032 998 quidem,
1062 914 1226 980 hominurn
1256 919 1331 979 sunt

136 1018 256 1078 tamen.
295 1018 369 1079 ante
391 1019 423 1079 te
445 1016 607 1101 principes
629 1014 759 1081 fastidio
788 1016 891 1081 nostri
914 1019 947 1081 et
968 1017 1104 1100 quodam
1128 1018 1330 1102 aequalitatis

137 1120 224 1181 metu
247 1138 339 1180 usum
360 1118 477 1202 pedum
499 1118 683 1182 amiserant.
720 1119 792 1182 illos
820 1140 897 1203 ergo
919 1119 1021 1182 umeri
1044 1121 1244 1205 cervicesque
1267 1142 1329 1183 ser-

138 1239 249 1283 vorum
272 1241 367 1303 super
389 1241 445 1284 ora
466 1223 593 1305 nostra,
621 1225 654 1285 te
680 1221 785 1303 fama,
814 1224 847 1285 te
875 1221 993 1305 gloria,
1021 1223 1054 1284 te
1077 1222 1192 1286 civium
1214 1223 1328 1306 pietas,

99 1323 170 1385 10te
192 1321 324 1386 libertas
348 1344 443 1405 super
463 1323 549 1406 ipsos
571 1323 733 1407 principes
755 1323 893 1407 vehunt3
920 1326 954 1387 te
977 1324 1017 1386 ad
1039 1323 1143 1388 sidera
1165 1323 1252 1388 tollit
1274 1324 1330 1388 hu-

137 1445 208 1489 mus
229 1426 292 1489 ista
316 1426 492 1490 communis
514 1428 547 1489 et
569 1426 701 1490 confusa
722 1425 878 1510 principis
900 1425 1047 1511 vestigia.

222 1527 292 1592 Nec
318 1549 444 1610 vereor,
473 1531 580 1612 patres
604 1528 793 1613 conscripti,
823 1549 864 1592 ne
885 1527 1013 1612 longior
1039 1528 1164 1612 videar,
1194 1551 1265 1593 curn
1288 1529 1331 1594 sit
1340 1525 1381 1590 25

137 1630 276 1694 maxime
306 1629 482 1714 optandum
513 1633 550 1694 ut
578 1651 616 1695 ea
642 1651 701 1715 pro
730 1630 843 1713 quibus
869 1633 1011 1714 aguntur
1037 1630 1177 1714 principi
1205 1632 1331 1715 gratiae

137 1731 240 1795 multa
262 1733 338 1796 sint.
375 1753 456 1816 quae
478 1733 607 1816 quidem
633 1731 829 1796 reverentius
852 1732 950 1795 fuerit
976 1732 1105 1817 integra
1132 1733 1330 1818 inlibataque

100 1844 126 1884 ¹5
139 1833 389 1919 cogitationibus
417 1835 532 1899 vestris
559 1834 715 1899 reservari
742 1855 838 1918 quam
867 1833 1003 1917 carptim
1031 1833 1232 1919 breviterque
1260 1858 1330 1919 per-

138 1935 272 2020 stringi,
296 1936 370 2020 quia
391 1935 459 1999 fere
482 1937 625 2021 sequitur
646 1938 682 2001 ut
704 1935 759 2000 illa
774 1935 901 2020 quidem
924 1935 962 1999 de
985 1935 1098 2019 quibus
1113 1940 1221 2001 taceas
1237 1940 1331 2002 tanta

138 2040 259 2122 quanta
281 2040 357 2102 sunt
380 2059 447 2103 esse
462 2039 644 2104 videantur:
667 2039 730 2102 nisi
752 2060 826 2102 vero
849 2038 962 2102 leviter
977 2037 1096 2122 attingi
1117 2039 1225 2123 placet
1246 2040 1330 2103 locu-

137 2139 277 2223 pletatas
304 2140 406 2204 tribus
432 2139 604 2224 datumque
639 2140 839 2225 congiarium
865 2140 983 2224 populo
1017 2142 1049 2203 et
1077 2141 1187 2205 datum
1214 2143 1329 2224 totum,

139 2263 210 2306 oum
240 2241 385 2306 donativi
411 2245 536 2325 partem
563 2243 682 2307 milites
710 2243 920 2325 accepissent.
965 2264 1007 2304 an
1035 2242 1203 2305 mediocris
1232 2240 1331 2305 animi

99 2355 126 2394 2⁰
139 2347 190 2408 est
210 2342 261 2407 his
283 2345 390 2428 potius
412 2349 669 2428 repraesentare,
694 2345 808 2429 quibus
823 2344 927 2428 magis
942 2343 1056 2428 negari
1071 2343 1201 2427 potest?
1222 2366 1330 2428 quam-

138 2467 234 2530 quam
261 2446 296 2509 in
324 2445 385 2510 hac
412 2468 537 2531 quoque
565 2447 749 2511 diversitate
778 2445 980 2530 aequalitatis
1008 2446 1090 2508 ratio
1116 2449 1242 2510 servata
1271 2450 1329 2511 est.

139 2549 268 2632 aequati
289 2551 365 2613 sunt
387 2549 472 2613 enim
493 2547 610 2633 populo
632 2549 750 2612 milites
779 2570 816 2612 eo
843 2548 925 2631 quod
953 2549 1092 2630 partem,
1121 2547 1176 2610 sed
1196 2547 1328 2632 priores,
1404 2605 1406 2608 ,

138 2650 275 2734 populus
308 2649 478 2734 militibus,
514 2650 596 2736 quod
626 2650 798 2735 posterior,
836 2650 891 2714 sed
916 2652 1021 2713 totum
1052 2649 1162 2713 statim
1194 2651 1328 2733 accepit.

140 2754 302 2816 enimvero
329 2774 392 2836 qua
419 2752 621 2836 benignitate
653 2752 789 2815 divisum
821 2755 884 2835 est,
919 2754 1120 2835 quantaeque
1149 2774 1243 2815 curae
1270 2752 1330 2814 tibi

98 2864 124 2904 ²5
139 2854 203 2919 fuit
224 2877 265 2918 ne
293 2854 366 2939 quis
393 2876 506 2939 expers
534 2853 736 2918 liberalitatis
763 2856 838 2917 tuae
860 2852 966 2916 fieret!
996 2853 1107 2916 datum
1134 2856 1183 2917 est
1210 2853 1249 2916 iis
1277 2855 1330 2937 qui

139 2959 213 3042 post
235 2956 375 3020 edictum
402 2960 493 3020 tuum
520 2956 555 3020 in
583 2955 687 3019 locum
711 2976 872 3019 erasornm
895 2954 1013 3019 subditi
1040 2956 1186 3039 fuerant,
1216 2977 1329 3039 aequa·

138 3061 228 3144 tique
250 3062 326 3124 sunt
349 3058 461 3123 ceteris
483 3058 531 3122 illi
554 3059 651 3122 etiam
679 3058 792 3142 quibus
815 3079 881 3121 non
904 3060 973 3120 erat
994 3058 1194 3140 promissum.
1233 3078 1330 3141 nego-

138 3162 194 3226 tiis
217 3161 348 3247 aliquis,
377 3160 560 3226 valetudine
583 3160 679 3244 alius,
709 3159 879 3244 hiemari,
909 3159 963 3224 ille
990 3159 1176 3223 fluminibus
1199 3158 1330 3222 distine-

208 3423 223 3471 ⁷
241 3422 278 3471 At
297 3423 361 3470 ante
379 3424 406 3470 te
424 3420 562 3485 principes
579 3419 666 3469 nostri
684 3418 799 3468 fastidio
822 3417 891 3468 etA
961 3420 992 3468 10
1009 3417 1084 3482 ipsos
1102 3417 1185 3466 Bacd
1202 3417 1330 3467 omnesA

209 3492 238 3539 ll
258 3491 313 3539 ista
331 3488 480 3538 communis
499 3492 526 3538 et
545 3488 660 3537 confusa
678 3487 811 3552 principis
829 3485 984 3550 uestigiaA
1001 3487 1043 3537 ita
1056 3485 1205 3536 communis
1224 3489 1252 3535 et
1264 3501 1327 3535 con-

139 3560 203 3608 fusa
230 3558 362 3623 principis
389 3557 510 3621 uestigia
528 3557 590 3604 Bod
613 3556 653 3604 ita
681 3555 834 3605 communia
859 3559 887 3604 et
909 3554 1024 3604 confusa
1046 3553 1182 3618 principis
1209 3554 1329 3618 uestigia

137 3628 195 3678 cod.
216 3626 323 3679 Medici.
336 3638 353 3680 ς
366 3628 393 3674 tc
413 3626 566 3675 communia
586 3628 613 3674 et
627 3623 743 3673 confusa
756 3624 875 3687 priuatis
887 3622 1008 3687 uestigia
1021 3623 1206 3672 Freinshemius
1218 3623 1244 3670 in
1257 3622 1327 3670 Cart.

141 3695 185 3745 VI
202 3698 228 3759 5,
247 3698 263 3744 5
281 3695 322 3744 ita
341 3694 492 3744 communis
511 3696 539 3741 et
558 3692 675 3742 confusa
693 3690 782 3756 plebis
801 3706 833 3753 ac
850 3691 982 3756 principis
996 3691 1046 3753 (vel
1062 3691 1179 3741 confusa
1196 3689 1329 3753 principis

138 3762 304 3827 civiumque)
323 3761 443 3825 vestigia
462 3761 621 3810 Schwarzius
639 3760 695 3809 ista
714 3759 862 3810 communis
880 3763 908 3809 et
927 3759 1043 3809 confuse
1061 3758 1178 3824 privatis
1196 3757 1329 3821 principis

137 3831 261 3894 vestigia
279 3832 456 3880 Mommsenus.
476 3845 509 3878 cn
527 3829 676 3878 communis
699 3832 726 3877 et
745 3828 860 3878 confusa
879 3828 935 3878 ista
954 3827 1054 3878 civium
1079 3831 1106 3876 et
1127 3825 1261 3891 principis
1283 3839 1329 3875 ve-

136 3899 242 3964 stigia?
312 3901 343 3948 12
361 3913 413 3948 nec
430 3913 491 3947 reor
507 3898 530 3946 Δ
599 3898 630 3945 14
649 3911 719 3960 quae
738 3895 846 3960 quidem
865 3895 902 3958 βᾶ
920 3909 990 3960 quae
1006 3894 1125 3944 maxime
1144 3893 1252 3957 quidem
1272 3889 1330 3958 (eas-

135 3973 233 4033 puncto
250 3984 273 4018 a.
291 3964 420 4030 maxime)
438 3967 455 4014 b
474 3980 545 4030 quae
564 3964 688 4030 quodque
705 3962 749 4012 Ac
835 3966 865 4014 17
886 3972 947 4028 post
964 3964 1112 4014 videantur
1128 3963 1191 4011 baec
1206 3962 1265 4024 fere
1282 3976 1330 4010 ex·

135 4037 232 4087 adare
253 4037 362 4086 conieci
380 4034 559 4093 Mommaencs,
582 4033 633 4082 illa
656 4038 749 4082 autern
773 4032 807 4081 de
830 4032 928 4097 quibus
950 4031 1072 4082 breviter
1094 4030 1196 4080 dixeris
1219 4032 1330 4094 propter

135 4103 166 4155 id
184 4105 274 4170 ipsum
292 4104 391 4168 exigua
410 4107 437 4152 et
454 4101 556 4167 pusilla
574 4101 736 4152 habeantur.
758 4101 838 4151 simile
860 4102 1056 4164 supplementum
1077 4105 1251 4162 proposcerat
1270 4097 1330 4146 Ges-

136 4188 217 4223 nerrrr
285 4170 475 4236 locupletasti
545 4171 576 4220 18
594 4172 621 4219 et
639 4169 731 4218 datum
749 4169 832 4217 Baod
854 4172 886 4217 ut
903 4167 1038 4216 datumA
1106 4168 1139 4215 2⁸2
1157 4165 1205 4215 sed
1223 4166 1329 4229 priores

137 4243 225 4292 codex
243 4239 445 4304 Solisbcrpensis
463 4238 603 4288 Scbworzii
619 4249 636 4291 ς
654 4237 703 4286 sed
721 4237 796 4302 prior
815 4241 857 4286 est
875 4236 944 4284 ABd
962 4233 1010 4284 sed
1027 4235 1119 4299 potior
1137 4237 1179 4283 est
1196 4248 1211 4282 e
1297 4234 1330 4282 24

138 4325 195 4374 qua
210 4307 215 4376 Ι
231 4323 285 4373 qua
302 4308 478 4372 benignitate
496 4308 516 4355 B
536 4309 639 4371 quanta
658 4305 834 4371 benignitate
852 4305 869 4352 d
938 4303 1053 4352 diuisum
1074 4308 1116 4351 est
1127 4302 1206 4350 abcd
1224 4301 1329 4351 diuisus

137 4379 220 4442 (corr.
241 4375 331 4440 -um)
351 4380 394 4426 est
412 4375 426 4436 β
446 4381 487 4426 est
505 4373 664 4424 diuisumA
734 4379 855 4440 quantae
873 4383 989 4426 curres
1057 4371 1090 4420 25
1108 4368 1280 4431 libertatisss

134 4447 173 4498 iis
191 4447 227 4496 od
243 4444 287 4494 his
304 4442 351 4494 ΔΒ
420 4445 453 4494 27
472 4459 525 4493 non
546 4446 606 4493 crat
627 4444 788 4508 permissum
813 4441 894 4506 (corr.
917 4443 950 4489 al.
973 4455 1038 4489 aaran.
1061 4440 1191 4503 prom.)b
1214 4442 1330 4488 nouerat

136 4515 301 4582 promissum
321 4512 336 4575 β
405 4513 438 4561 28
456 4511 640 4564 distinebatur
656 4513 720 4560 Aba
737 4510 929 4563 destinabatur
947 4507 984 4571 βᾶ

189 4599 259 4638 Pnrnr
270 4605 341 4636 arrsr.
355 4605 392 4636 nn.
405 4596 473 4636 Krrn.
1095 4595 1127 4643 22
