3024 5062
145 279 149 290 ,
181 213 244 277 312
585 225 614 272 c.
637 225 733 272 rann
756 226 799 272 nr
822 223 969 272 cairam

182 382 308 467 publice
331 384 404 444 ante
426 379 544 465 viginti
567 400 668 442 annos
690 378 764 443 bule
787 382 819 442 et
848 378 982 442 ecclesia
1010 380 1234 445 consentiente
1262 383 1373 447 uteba·

152 487 295 567 2turque
311 483 471 547 mandatis
488 482 567 563 tuis,
592 481 705 565 quibus
721 480 888 544 eiusmodi
904 481 1092 546 donationes
1107 485 1268 548 vetantur.
1300 483 1375 548 Piso

184 590 294 651 contra
316 576 453 669 plurima
475 605 508 646 se
531 583 566 647 in
587 582 829 666 rempublicam
852 581 1024 646 contulisse
1047 605 1085 651 ac
1099 606 1199 668 prope
1220 589 1306 650 totas
1328 587 1375 650 fa-

183 688 318 751 cultates
342 708 488 770 erogasse
504 685 640 750 dicebat.
671 683 810 747 addebat
825 684 922 748 etiam
944 685 1097 768 temporis
1113 687 1254 769 spatium
1269 691 1377 771 postu-

182 791 333 873 labatque
355 809 396 851 ne
418 787 450 865 id
465 788 548 873 quod
570 808 628 870 pro
648 786 757 850 multis
780 788 813 849 et
835 785 910 849 olim
926 785 1103 870 accepisset
1125 809 1196 851 cum
1212 789 1403 854 eversione⁵

183 891 322 974 reliquae
346 889 515 973 dignitatis
537 888 667 953 reddere
688 890 865 973 cogeretur.
897 887 1011 971 quibus
1027 910 1064 952 ex
1087 890 1191 954 causis
1213 891 1377 976 integram

185 992 401 1078 cognitionem
424 991 631 1055 differendam
654 989 849 1072 existimavi,
874 992 910 1052 ut
932 992 964 1053 te
971 1039 981 1073 ‚
1005 990 1148 1075 domine,
1177 993 1377 1058 consulerem

184 1095 259 1179 quid
282 1094 476 1178 sequendum
497 1096 636 1176 putares.

661 1261 744 1326 CXI.
771 1260 895 1347 [cxli]

619 1382 802 1434 Tanarus
820 1383 948 1434 carulo
1394 1397 1418 1453 a

270 1501 360 1567 Sicut
382 1499 570 1584 largitiones
587 1521 625 1563 ex
639 1498 768 1584 publico
790 1499 860 1562 fieri
875 1500 1028 1565 mandata
1042 1500 1233 1593 prohibent,
1257 1502 1316 1585 ita,
1338 1524 1381 1567 ne
1412 1515 1413 1519 ’

185 1604 357 1668 multorum
379 1601 533 1666 securitas
556 1601 743 1683 subruatur,
770 1601 875 1666 factas
898 1605 973 1666 ante
997 1599 1197 1686 aliquantum
1225 1605 1381 1689 temporis

184 1705 354 1771 retractari
370 1707 465 1788 atque
487 1704 522 1767 in
544 1703 677 1767 inritum
691 1701 849 1767 vindicari
870 1725 938 1767 non
959 1706 1095 1789 oportet.
1127 1704 1281 1790 quidquid
1304 1728 1381 1791 ergo

186 1830 224 1897 eir
252 1807 313 1871 hac
343 1827 438 1870 causa
466 1810 572 1869 actum
602 1809 676 1869 ante
704 1805 823 1890 viginti
853 1827 955 1870 annos
978 1808 1054 1889 crit,
1084 1807 1285 1872 omittamus.
1313 1830 1381 1873 non
1411 1792 1415 1798 ³

187 1909 291 1972 minus
319 1907 405 1974 enim
437 1907 620 1972 hominibus
649 1907 798 1991 cuiusque
833 1907 896 1971 loci
924 1929 1020 1991 quam
1047 1908 1204 1992 pecuniae
1233 1909 1380 1993 publicae
1393 1928 1417 1968 1⁵

187 2011 367 2074 consultum
388 2010 469 2074 volo.

565 2228 568 2233 .
649 2178 748 2244 oxii.
775 2177 916 2266 [ouria]

467 2301 497 2350 o.
518 2300 664 2352 ruinius
683 2298 842 2351 caniano
861 2269 1089 2352 rurncabom

78 2400 79 2404 Ἰ
160 2425 177 2486 1
272 2417 337 2481 Lex
360 2415 527 2501 Pompeia,
551 2417 692 2500 domine,
716 2438 778 2500 qua
799 2414 931 2500 Bithyni
956 2419 988 2480 et
1009 2415 1136 2482 Pontici
1159 2421 1306 2505 utuntur,
1330 2442 1381 2485 eos

188 2521 241 2603 qui
271 2519 304 2583 in
332 2519 428 2582 bulen
457 2541 476 2582 a
507 2519 690 2582 censoribus
718 2518 871 2603 leguntur
893 2517 968 2582 dare
989 2520 1159 2603 pecuniam
1187 2542 1255 2586 non
1283 2522 1379 2591 iubet.
1392 2544 1413 2583 n

189 2622 243 2686 sed
258 2623 281 2685 ii
296 2643 374 2706 quos
389 2620 591 2705 indulgentia
606 2622 661 2684 tua
677 2620 865 2704 quibusdam
885 2620 1069 2685 civitatibus
1084 2643 1180 2706 super
1201 2622 1381 2708 legitimum

188 2745 355 2787 numerum
378 2722 502 2786 adicere
524 2723 671 2806 permisit
699 2725 732 2786 et
759 2722 888 2807 singula
915 2722 1004 2787 milia
1026 2722 1228 2788 denariorum
1252 2728 1285 2789 et
1306 2724 1382 2790 bina

151 2825 378 2889 'tintulerunt
416 2823 551 2887 Anicius
580 2824 694 2889 deinde
716 2825 876 2889 Maximus
898 2825 1068 2908 proconsul
1091 2847 1144 2889 eos
1167 2826 1267 2889 etiam
1289 2828 1343 2910 qui
1363 2851 1380 2891 a

192 2927 374 2991 censoribus
396 2926 596 3010 legerentur,
620 2926 787 2990 dumtaxat
806 2927 840 2990 in
855 2926 1056 3011 paucissimis
1073 2927 1274 3013 civitatibus,
1298 2929 1381 2993 aliud

160 3028 277 3110 saliis,
302 3029 396 3092 iussit
416 3027 545 3092 inferre.
576 3032 720 3112 superest
742 3050 818 3113 ergo
847 3031 883 3092 ut
905 3029 974 3112 ipse
997 3028 1161 3115 dispicias,
1191 3053 1233 3094 an
1262 3031 1298 3095 in
1320 3053 1412 3095 omn

190 3130 284 3193 nibus
314 3130 496 3193 civitatibus
525 3133 647 3194 certum
670 3129 790 3214 aliquid
813 3152 922 3194 omnes
945 3131 999 3215 qui
1026 3130 1140 3194 deiude
1162 3131 1315 3197 buleutae
1337 3133 1382 3197 'le-

191 3234 309 3316 gentur
331 3232 469 3295 debeant
490 3252 549 3315 pro
571 3231 706 3295 introitu
721 3230 807 3296 dare.
837 3254 913 3296 nam
933 3232 1017 3316 quod
1039 3231 1073 3296 in
1089 3236 1282 3316 perpetuum
1296 3257 1381 3298 man-

192 3354 300 3396 surum
328 3335 376 3396 est
403 3356 422 3396 a
449 3337 481 3396 te
510 3333 661 3398 constitui
689 3333 795 3416 decet,
831 3333 920 3397 cuius
947 3333 1043 3397 iactis
1072 3332 1229 3418 dictisque
1250 3335 1382 3421 ‚debetur

192 3435 374 3499 aeternitas.
784 3443 793 3457 ⁶

191 3628 393 3636 ---—-—-—-—

262 3749 272 3795 1
293 3744 356 3796 bule
370 3749 398 3795 et
416 3744 537 3795 ecclesia
556 3746 699 3796 Coronaeus
718 3745 811 3809 boyali
830 3749 857 3795 et
876 3745 998 3794 ecclesia
1016 3746 1039 3794 A
1063 3748 1090 3795 et
1109 3745 1173 3796 bule
1192 3749 1221 3796 et
1240 3746 1383 3809 ecclesiae

258 3814 442 3877 utebaturque
463 3813 605 3864 Coronaeus
624 3815 825 3878 utebanturque
843 3813 866 3861 A
883 3813 1076 3877 nitebaturque
1095 3815 1175 3864 editio
1193 3812 1353 3866 Basileeasr's

192 3884 208 3931 5
227 3899 274 3947 pro
293 3881 388 3932 multis
406 3881 512 3932 meritis
532 3881 640 3932 Orellius

262 4017 338 4067 CXII
364 4019 406 4066 De
424 4016 586 4068 Adiectione
611 4017 764 4067 balatarum
785 4017 906 4070 .'LXIX.
927 4018 950 4066 A
975 4019 1017 4066 De
1036 4016 1191 4067 adiectione
1211 4019 1383 4070 buleutarum

193 4101 208 4134 a
277 4087 309 4135 20
327 4087 354 4134 in
373 4085 456 4136 bulen
476 4102 492 4135 a
511 4086 653 4136 Caranusca
671 4099 687 4134 a
704 4087 732 4134 in
751 4085 851 4135 bulena
872 4087 928 4135 uA
996 4088 1028 4134 21
1047 4085 1067 4134 ii
1085 4085 1234 4137 Beroaldus
1252 4088 1329 4137 iisA

194 4161 241 4202 tua
260 4153 421 4216 quibusdam
442 4154 585 4204 Calanaeus
604 4158 651 4203 tua
671 4170 687 4202 a
705 4153 866 4218 quibusdam
885 4154 908 4202 A
976 4157 1009 4203 24
1027 4153 1102 4203 aliud
1122 4153 1191 4204 alios
1212 4154 1322 4206 Orellius

194 4227 226 4271 ‘25
245 4223 305 4272 ‘Po
324 4224 360 4272 ad
370 4223 506 4272 Traianum
520 4259 525 4272 .
540 4221 671 4287 Superest
691 4237 796 4283 ergo-
807 4224 838 4271 27
849 4221 914 4271 dare
929 4259 934 4271 .
948 4224 984 4271 ad
1001 4238 1073 4286 quana
1091 4223 1225 4286 epistolam
1242 4224 1386 4274 rescribens

198 4291 335 4340 Traianus:
363 4289 538 4341 honorarium
565 4294 645 4355 inquit
671 4290 866 4340 decurionatus
893 4305 986 4339 omnes
1013 4291 1060 4352 qui
1086 4289 1115 4338 iu
1142 4305 1250 4354 quaque
1270 4292 1385 4341 ciuitate

196 4358 357 4407 decuriones
384 4357 463 4410 filant:
499 4359 603 4408 inferre
631 4358 751 4408 debeant
778 4373 864 4406 necne
893 4374 909 4407 a
936 4373 977 4407 me
1005 4373 1059 4407 uon
1090 4359 1183 4422 potest
1210 4358 1312 4408 statui'
1335 4359 1385 4408 Bu·

195 4427 274 4476 daeus
290 4433 375 4475 annot.
402 4428 429 4475 in
453 4429 531 4490 pared.
549 4428 571 4488 f.
591 4428 622 4475 72
641 4428 680 4479 cd.
701 4426 847 4479 Accensa.
867 4429 933 4475 151⁶
1018 4427 1050 4474 26
1069 4424 1203 4475 buleutae
1221 4440 1238 4474 a
1254 4427 1385 4478 buleutae

195 4493 218 4541 A
252 4525 254 4528 -
320 4493 447 4557 legentur
467 4496 495 4544 G.
515 4496 550 4547 H.
571 4495 725 4557 Sclaoeferus
743 4493 873 4559 leguntur
890 4494 913 4542 A
930 4493 1052 4546 Budaeus
