3024 5062
383 210 627 260 urrsrunraon
644 206 793 283 ror-110.
820 195 1047 279 [103-111.](a,
1065 204 1217 271 111—113)
1334 196 1395 260 311
1431 263 1433 269 ,

202 366 282 431 tiam
304 389 362 451 pro
385 367 472 431 statu
494 364 579 430 filiae
602 385 677 430 suae
699 364 867 448 implorat,
891 364 1004 427 durum
1026 365 1137 458 putavi
1159 386 1294 449 negare,
1325 388 1396 430 cum

204 470 319 534 scirem
335 471 488 552 quantam
503 467 621 532 soleres
631 466 770 531 militum
783 466 930 551 precibus
945 466 1136 550 patientiam
1147 467 1396 532 humanitatem-

202 593 264 657 que
285 573 460 655 praestare.
1169 582 1182 612 0

664 737 763 803 cvu.
788 737 930 823 [curri]

175 878 188 917 5
634 859 816 910 TRAIANUS
836 859 961 910 PLINIO
1044 865 1047 870 '

287 978 445 1044 Libellum
460 977 497 1043 P.
516 978 608 1042 Accii
624 975 776 1062 Aquilae,
802 975 997 1040 centurionis
1020 983 1149 1041 cohortis
1171 979 1279 1041 sextae
1300 1000 1392 1061 eque-

201 1082 293 1165 striS,
316 1103 409 1167 quem
432 1079 511 1143 mihi
533 1079 663 1162 misisti,
687 1078 767 1163 legi:
798 1078 886 1158 euius
908 1078 1055 1163 precibus
1077 1082 1184 1143 motus
1207 1079 1279 1143 dedi
1308 1079 1393 1143 filiae

201 1184 268 1248 eius
297 1179 460 1247 ciuitatem
482 1180 672 1246 Romanam.
708 1179 852 1272 libellum
878 1179 1026 1263 rescripti
1057 1203 1150 1264 quem
1175 1181 1223 1245 illi
1245 1180 1393 1245 redderes

201 1285 274 1350 misi
296 1284 368 1350 tibi.

162 1488 187 1527 10
649 1449 944 1535 ornamenti]

481 1573 510 1624 C.
530 1573 678 1624 PLINIUS
696 1571 854 1623 TRAIANO
873 1571 1101 1624 IMPERATORI

284 1691 367 1768 Quid
389 1691 507 1756 habere
529 1689 608 1754 iuris
631 1689 709 1754 velis
731 1692 763 1753 et
784 1688 943 1773 Bithynas
966 1692 999 1753 et
1013 1688 1164 1754 Ponticas
1188 1691 1334 1755 civitates
1357 1692 1419 1755 inl

200 1792 366 1879 exigendis
387 1791 533 1878 pecuniis
548 1813 628 1876 quae
650 1791 715 1855 illis
736 1790 787 1855 vel
809 1812 847 1855 ex
870 1791 1082 1856 locationibus
1104 1792 1155 1856 vel
1177 1814 1216 1856 ex
1237 1793 1392 1881 venditio-

198 1897 293 1962 nibus
316 1894 427 1960 aliisve
449 1895 554 1959 causis
576 1893 763 1977 debeantur,
786 1914 875 1978 rogo,
900 1893 1041 1978 domine,
1063 1894 1230 1958 rescribas.
1260 1916 1321 1979 ego
1343 1894 1391 1959 in-

159 2022 184 2063 rs
198 1998 272 2063 veni
295 2020 314 2061 a
336 1997 495 2080 plerisque
516 1994 759 2081 proconsulibus
783 2017 966 2086 concessam
994 1995 1033 2059 iis
1054 1997 1285 2081 protopraxian
1308 2019 1390 2060 eam-

197 2121 257 2184 que
287 2119 345 2183 pro
373 2099 444 2184 lege
473 2098 619 2163 valuisse.
657 2096 804 2161 existimo
831 2100 941 2161 tamen
967 2100 1028 2175 tua
1049 2098 1251 2181 providentia
1274 2098 1419 2164 consti-2

196 2198 351 2265 tuendum
374 2199 493 2285 aliquid
516 2204 548 2264 et
570 2198 794 2282 sanciendum,
822 2221 880 2283 per
901 2200 984 2283 quod
1006 2199 1200 2265 utilitatibus
1224 2223 1332 2265 eorum
1354 2201 1389 2264 in

195 2304 386 2386 perpetuum
413 2301 606 2366 consulatur.
644 2323 721 2364 nam
748 2323 829 2385 quae
857 2304 933 2365 sunt
961 2301 1001 2366 ab
1030 2301 1101 2365 aliis
1127 2302 1292 2384 instituta,
1323 2303 1390 2366 sint

195 2405 271 2469 licet
295 2404 459 2488 sapienter
480 2402 622 2486 indulta,
651 2403 760 2467 brevia
781 2405 892 2468 tamen
915 2405 948 2467 et
968 2403 1096 2468 infirma
1120 2407 1209 2487 sunt,
1239 2404 1302 2468 nisi
1324 2404 1388 2468 illis

116 2501 120 2507 ¹
157 2509 252 2575 actua
273 2505 643 2590 contingitauctoritas.

666 2674 798 2740 ouun.
824 2674 914 2759 [on]

631 2795 811 2848 TRAIANUS
830 2797 914 2846 PLIN
920 2797 955 2846 10

278 2913 348 2989 Quo
369 2913 438 2977 iure
460 2913 509 2977 uti
531 2912 669 2977 debeant
691 2910 852 2996 Bithynae
874 2912 924 2977 vel
944 2911 1098 2978 Ponticae
1121 2914 1267 2978 civitates
1289 2915 1324 2979 in
1346 2913 1386 2978 iis

192 3015 339 3101 pecuniis
361 3037 442 3100 quae
465 3037 503 3078 ex
525 3036 649 3098 quaque
673 3036 768 3078 causa
790 3014 838 3078 rei
859 3014 1006 3099 publicae
1021 3016 1231 3100 debebuntur,
1254 3039 1291 3080 ex
1314 3017 1385 3102 lege

156 3142 181 3182 rs
194 3118 346 3203 cuiusque
362 3116 680 3181 animadvertendum
695 3120 753 3182 est.
783 3139 859 3181 narn
882 3117 947 3181 sive
962 3116 1085 3182 habent
1105 3119 1308 3204 privilegium
1324 3141 1385 3203 quo

194 3218 308 3284 ceteris
337 3218 546 3284 creditoribus
570 3221 823 3303 anteponantur,
858 3219 1097 3284 custodiendum
1126 3223 1189 3303 est,
1224 3221 1291 3285 sive
1318 3207 1398 3286 non

192 3321 331 3404 habent,
356 3327 387 3384 ia
410 3319 561 3384 iniuriam
583 3321 779 3403 privatorum
802 3321 834 3384 id
856 3321 925 3386 dari
948 3344 967 3384 a
989 3343 1039 3386 me
1061 3343 1127 3386 non
1149 3323 1319 3408 oportebit.

689 3488 755 3555 cr.
781 3489 887 3576 [cnr]

473 3609 503 3661 0.
521 3609 668 3662 PLINIUS
685 3612 846 3663 TRAIANO
864 3613 1090 3665 IMPERATORI

153 3752 177 3791 so
276 3725 432 3811 EedicuS,
456 3725 598 3810 domine,
622 3729 847 3793 Amisenorum
870 3729 1010 3794 civitatis
1031 3729 1162 3813 petebat
1184 3732 1269 3814 apud
1290 3753 1341 3794 me
1363 3737 1409 3798 a]

189 3829 273 3894 Iulio
301 3827 417 3892 Pisone
445 3829 647 3894 denariorum
681 3830 809 3895 circiter
841 3830 1056 3915 quadraginta
1090 3838 1173 3896 milio
1202 3832 1320 3897 donata
1353 3834 1380 3898 ei

258 4071 275 4118 2
294 4073 427 4134 quantam
445 4069 591 4120 Beroaldus
609 4085 625 4118 a
644 4072 775 4134 quantum
792 4071 815 4119 A

259 4136 336 4187 CVII
353 4139 369 4186 6
387 4137 507 4189 cohortis
525 4143 620 4188 sextae
639 4138 786 4189 Beroaldus
803 4151 831 4188 a:
851 4139 974 4189 cohortis
991 4157 1036 4192 om.
1054 4141 1077 4189 A
1339 4159 1341 4162 ⁴

204 4275 211 4288 .
259 4203 349 4256 CVIII
366 4207 409 4287 De
428 4207 579 4257 Exactione
598 4207 773 4287 pecuniarum
793 4207 933 4261 ,vass.
952 4209 975 4257 A
1044 4210 1075 4258 15
1093 4207 1132 4258 eis
1151 4211 1345 4274 protopraxian
1363 4226 1380 4259 a

186 4289 229 4326 m
248 4279 460 4394 PANNlIlallailr
473 4276 512 4393 lis
529 4358 547 4391 a
564 4275 988 4394 &fipsntingatssoffinpgpprssm
1007 4343 1163 4394 Coronaeus:
1183 4347 1211 4394 in
1229 4363 1275 4396 om.
1295 4347 1318 4395 A

259 4408 308 4460 CX
326 4409 368 4459 De
385 4410 458 4461 Iulio
477 4411 577 4461 Pisone
594 4411 729 4461 ,vanl
739 4448 744 4460 .
764 4411 787 4460 A
855 4415 887 4463 30
905 4412 1024 4462 Ecdicus
1042 4412 1199 4463 (Ῑιιῑαηιιειις2
1216 4413 1338 4466 Medicus
1357 4417 1379 4468 A

258 4479 290 4529 31
310 4478 496 4544 quadraginta
513 4479 590 4530 milia
608 4480 710 4530 donata
728 4480 873 4531 Coronaeus
890 4495 907 4528 a
924 4481 1107 4547 quadraginta
1124 4480 1227 4536 donata
1245 4484 1267 4534 A
