3024 5062
512 1215 991 1314 PRAEFATIO

237 1484 410 1568 Postquam
438 1487 513 1548 ante
546 1483 604 1548 hos
637 1484 775 1549 sedecim
803 1505 905 1548 annos
933 1485 1085 1568 epistulas
1114 1489 1147 1550 et
1174 1487 1353 1552 orationem

151 1586 251 1650 Plinii
278 1585 432 1650 librorum
459 1607 557 1650 manu
590 1586 784 1670 scriptorum
817 1585 879 1649 fide
912 1587 1096 1670 recognitas
1130 1588 1230 1672 edidi,
1265 1588 1352 1654 haud

151 1691 300 1773 prompto
322 1709 400 1752 sane
423 1688 531 1752 animo
554 1688 681 1751 easdem
696 1688 885 1772 praesertim
908 1687 1113 1770 diuomissas
1129 1690 1351 1755 retractandas

150 1789 286 1873 suscepi.
330 1789 386 1853 sed
425 1791 457 1853 et
494 1812 609 1872 parum
641 1791 753 1854 utilem
788 1810 857 1854 esse
887 1789 1060 1855 editionem
1088 1791 1252 1876 videbam,
1286 1793 1350 1856 nisi

150 1892 329 1976 scripturae
356 1878 510 1956 librorum
543 1892 657 1976 quibus
685 1914 761 1956 usus
797 1913 899 1956 essem
933 1892 1174 1976 cognoscendae
1203 1895 1350 1959 omnibus

151 1995 242 2078 copia
264 1994 372 2077 fieret,
396 1995 428 2057 et
450 1993 623 2077 quaedam,
647 2015 728 2077 quae
751 1994 827 2058 olim
849 2015 913 2058 non
937 1997 1024 2059 recte
1044 1994 1259 2080 institueram,
1283 2017 1350 2061 cor-

149 2095 285 2179 rigenda
319 2117 387 2159 esse
420 2095 576 2160 intellexi.
618 2094 791 2160 accedebat
825 2099 935 2160 auctor
966 2097 1175 2180 gravissimus
1203 2097 1350 2182 idemque

150 2197 361 2262 amicissimus
389 2197 573 2262 Theodorus
608 2198 803 2281 Mommsen,
837 2198 891 2281 qui
926 2220 998 2263 cum
1032 2199 1205 2264 editionem
1237 2197 1349 2264 crItico

150 2301 310 2382 apparatu
331 2300 524 2363 instructam
540 2299 712 2363 desiderari
728 2299 863 2384 diceret,
887 2322 938 2365 me
960 2304 997 2366 ut
1013 2323 1083 2365 eam
1106 2323 1216 2366 curam
1237 2302 1272 2366 in
1294 2323 1345 2365 me

149 2401 324 2484 reciperem
346 2402 471 2465 monuit
498 2423 594 2485 seque
622 2401 799 2466 adiutorem
821 2403 891 2467 fore
919 2404 1024 2487 operis
1052 2404 1210 2487 promisit.
1248 2425 1346 2488 quare
1426 2388 1437 2404 ’

148 2524 214 2565 non
228 2502 339 2586 putavi
357 2501 569 2567 dubitandum
584 2523 652 2566 esse
668 2502 747 2587 quin
763 2502 866 2568 denuo
883 2503 923 2568 ad
939 2503 1081 2568 Plinium
1096 2526 1226 2589 operam
1241 2527 1347 2571 meam

149 2607 367 2669 converterem
390 2606 423 2668 et
449 2626 516 2668 rem
539 2604 616 2669 olim
637 2603 823 2670 incohatam
850 2606 957 2690 potius
985 2628 1080 2690 quam
1107 2607 1285 2690 perfectam
1307 2608 1348 2671 ad

149 2710 271 2771 certum
292 2707 390 2770 iinem
411 2706 628 2790 perducerem.
665 2706 774 2791 itaque
805 2729 871 2772 non
900 2709 1003 2772 solum
1030 2708 1248 2773 recensionem
1270 2708 1345 2773 olim

147 2809 329 2873 institutam
351 2809 524 2893 recognovi
547 2810 580 2872 et
604 2810 640 2872 ut
663 2810 809 2893 poteram
825 2809 1008 2894 emendavi,
1032 2810 1087 2874 sed
1110 2810 1207 2875 etiam
1230 2810 1347 2876 discre—
1429 2861 1434 2875 .

145 2913 278 2994 pantem
306 2911 498 2995 scripturam
526 2911 679 2976 librorum
708 2933 788 2995 quos
816 2913 851 2976 in
884 2912 1023 2977 lectione
1051 2912 1277 2977 constituenda
1299 2936 1346 2978 se-

147 3016 237 3078 cutus
265 3034 352 3077 eram
382 3013 494 3077 adieci.
537 3013 794 3078 emendationem
821 3014 1038 3079 Mommsenus
1067 3015 1131 3079 suis
1155 3014 1345 3080 coniecturis

145 3114 322 3180 liberaliter
343 3136 468 3179 mecum
492 3115 734 3180 communicatis
749 3115 887 3200 adiuvit,
910 3120 1081 3201 postqmm
1101 3138 1189 3182 meas
1212 3119 1344 3182 schedas

146 3218 186 3281 ad
209 3239 280 3281 eum
303 3217 464 3281 miseram.
495 3218 581 3281 idem
602 3217 742 3282 indicem
764 3218 948 3302 nominum,
977 3203 1072 3303 quem
1100 3209 1189 3283 olim'
1205 3220 1345 3286 subiece-

145 3342 215 3384 ram
237 3320 366 3384 brevem
389 3322 421 3383 et
436 3320 476 3384 ad
491 3319 578 3383 illius
595 3320 744 3384 editionis
760 3342 852 3385 usum
867 3321 1161 3404 accommodatum,
1178 3321 1224 3386 ita
1239 3322 1341 3407 auxit,

144 3425 181 3485 ut
202 3443 418 3505 quaecumque
441 3421 479 3485 de
501 3421 683 3486 hominibus
706 3445 725 3485 a
746 3421 852 3486 Plinio
874 3423 1050 3487 nominatis
1072 3426 1140 3487 tam
1156 3424 1343 3508 aequalibus

144 3546 240 3607 quam
262 3522 495 3607 antiquioribus
517 3524 690 3588 memoriae
712 3524 840 3608 prodita
862 3528 970 3589 essent
999 3525 1172 3609 indicaret,
1203 3527 1343 3611 exceptis

143 3627 278 3709 tamen,
293 3628 330 3690 ut
351 3647 411 3708 par
433 3627 498 3708 est,
522 3626 707 3691 nominibus
723 3647 832 3690 eorum
855 3627 909 3710 qui
933 3630 966 3691 et
980 3627 1077 3713 vulgo
1093 3629 1163 3692 noti
1185 3632 1218 3693 et
1238 3629 1343 3694 obiter

92 3711 96 3722 ¹
142 3729 271 3791 tanturn
293 3751 312 3791 a
334 3727 442 3792 Plinio
470 3729 708 3792 commemorati
737 3730 857 3811 essent,
886 3732 922 3793 nt
944 3728 1171 3796 Demosthenis
1200 3734 1232 3795 et
1254 3731 1343 3797 (iice-

142 3829 230 3893 ronis
252 3833 285 3893 et
305 3829 535 3912 imperatorum
563 3830 720 3912 omnium,
750 3830 785 3893 in
814 3829 929 3913 quibus
958 3852 996 3894 ea
1023 3852 1103 3915 quae
1131 3833 1215 3916 apud
1236 3834 1342 3918 ipsum

140 3930 280 3995 Plinium
302 3932 455 4016 leguntur
475 3932 618 3997 indicare
646 3931 836 3997 sufficiebat.
859 3934 982 4017 dequo
1009 3933 1159 3998 instituto
1185 3934 1239 3998 ille
1261 3935 1342 4001 haec

142 4034 254 4097 adme
277 4034 421 4118 scripsit,
450 4034 486 4098 in
514 4033 648 4098 historia
674 4034 762 4098 illius
784 4035 900 4099 aetatis
928 4035 979 4100 vel
1001 4035 1140 4100 manime
1169 4057 1248 4120 opus
1271 4060 1340 4104 esse
1404 4102 1408 4113 ,

141 4136 248 4200 indice
276 4136 417 4199 virorum
445 4136 587 4200 omnium
616 4136 670 4220 qui
699 4136 739 4200 ad
768 4158 835 4201 rem
862 4137 1025 4222 publicam
1054 4140 1265 4211 accessissent
1290 4141 1342 4205 vel

141 4238 258 4302 litteris
281 4260 411 4322 operam
434 4237 612 4323 dedissent,
635 4240 669 4303 in
692 4261 753 4323 quo
775 4240 928 4325 quidquid
956 4240 995 4304 de
1021 4241 1061 4305 iis
1083 4240 1134 4305 vel
1157 4241 1241 4325 apud
1263 4244 1339 4307 scri-

140 4343 249 4424 ptores
271 4340 322 4405 vel
344 4340 379 4404 in
400 4338 667 4425 inscriptionibus
690 4344 723 4406 et
737 4344 876 4408 nummis
891 4343 1062 4407 memoriae
1076 4343 1240 4427 proditum
1255 4349 1340 4411 esset

141 4441 281 4506 breviter
302 4442 508 4508 indicaretur.
548 4464 610 4528 quo
631 4444 705 4527 quia
728 4444 831 4510 adhuc
847 4465 1040 4530 careremus,
1063 4466 1097 4511 se
1119 4445 1154 4510 in
1176 4446 1216 4510 iis
1237 4448 1338 4513 nomi·
