3024 5062
508 225 753 274 annueramus
777 223 818 271 aa.
833 223 874 272 er.
890 224 930 272 85.
1262 214 1323 278 387

131 377 284 441 mandum
307 378 460 462 estquod
483 379 667 444 mulieribus
690 379 813 444 duabus
841 381 875 443 in
899 403 963 444 una
992 382 1084 446 domo
1106 382 1238 466 parique
1259 383 1325 447 for-

130 481 210 543 tuna
232 479 355 543 nullum
379 483 556 565 certamen,
580 482 669 546 nulla
693 481 855 546 contentio
878 486 936 547 est.
974 484 1154 568 suspiciunt
1175 484 1323 568 invicem,

131 581 271 644 invicem
294 582 426 665 cedunt,
441 599 583 666 'cumque
605 586 637 647 tc
659 587 794 668 utraque
807 585 994 650 effusissime
1016 585 1146 671 diligat,
1171 586 1253 651 nihil
1268 609 1326 650 sua

132 685 250 768 putant
271 683 442 767 interesse,
472 688 578 748 utram
606 688 642 749 tu
664 687 768 771 magis
797 709 892 752 ames.
929 688 1012 751 idem
1035 690 1161 772 utrique
1182 689 1326 773 proposi·

104 789 218 870 etum,
246 786 331 850 idem
358 789 452 850 tenor
479 786 579 870 vitae,
609 786 753 873 nihilque
781 811 819 852 ex
847 811 908 873 quo
932 791 1053 854 sentias
1076 791 1153 855 duas
1177 811 1254 856 esse.
1292 794 1325 855 te

131 890 218 953 enim
247 888 378 972 imitari,
402 892 435 952 te
458 889 607 974 subsequi
630 891 774 955 student:
811 891 881 955 ideo
904 895 1039 976 utraque
1061 914 1164 957 mores
1187 892 1323 976 eosdem,

131 990 205 1075 quia
226 995 362 1075 utraque
385 995 456 1055 tuos
479 990 587 1056 habet.
624 992 699 1056 inde
727 994 917 1077 moderatio,
947 993 1022 1058 inde
1050 995 1148 1058 etiam
1170 998 1325 1078 perpetua

132 1093 297 1158 securitas.
345 1113 448 1177 neque
481 1094 566 1158 enim
598 1117 749 1178 umquam
779 1095 1049 1179 periclitabuntur
1081 1118 1148 1160 esse
1170 1096 1323 1180 privatae,

131 1216 213 1279 quae
235 1216 301 1259 non
317 1195 489 1260 desierunt.
529 1197 689 1260 obtulerat
716 1196 779 1262 illis
809 1202 938 1262 senatus
963 1219 1141 1283 cognomen
1163 1199 1326 1283 Augusta-

80 1291 119 1359 ’ἑο
132 1317 220 1381 rum,
250 1297 332 1381 quod
361 1298 509 1362 certatim
531 1298 720 1383 deprecatae
748 1303 840 1383 sunt,
870 1322 965 1384 quam
992 1301 1046 1364 diu
1076 1299 1325 1384 appellationem

131 1399 234 1482 patris
260 1399 385 1482 patriae
412 1403 449 1464 tu
476 1421 670 1485 recusasses,
700 1423 755 1464 seu
778 1401 859 1485 quod
882 1401 952 1485 plus
985 1425 1052 1465 esse
1080 1403 1115 1466 in
1143 1424 1179 1466 eo
1207 1403 1325 1466 iudica·

133 1501 227 1583 bant,
252 1501 279 1565 si
302 1524 381 1565 uxor
404 1505 436 1565 et
458 1523 547 1565 soror
569 1505 640 1586 tua,
663 1524 758 1587 quam
781 1504 806 1566 si
830 1503 997 1588 Augustae
1030 1504 1325 1574 dicerentur...sed

134 1624 352 1686 quaecumque
374 1603 438 1666 illis
461 1603 544 1667 ratio
565 1606 690 1667 tantam
713 1604 899 1668 modestiam
928 1606 1043 1687 suasit,
1071 1606 1132 1669 hoc
1153 1607 1257 1691 magis
1281 1606 1325 1669 di-

132 1726 218 1789 gnae
240 1711 315 1768 sunt
336 1726 417 1789 quae
439 1705 474 1768 in
497 1705 748 1769 animisnostris
771 1709 803 1770 et
817 1707 884 1770 sint
906 1710 939 1770 et
953 1707 1134 1771 habeantur
1157 1711 1323 1800 augustae,

96 1829 121 1869 15
136 1808 210 1891 quia
233 1829 298 1871 non
321 1808 488 1871 vocantur.
527 1808 602 1891 quid
625 1808 710 1871 enim
732 1808 923 1872 laudabilius
938 1809 1082 1887 feminis,
1107 1832 1202 1893 quam
1225 1811 1253 1872 si
1274 1831 1324 1873 ve-

132 1932 203 1974 rum
225 1910 378 1974 honorem
401 1931 467 1973 non
489 1909 524 1972 in
546 1909 714 1993 splendore
736 1910 918 1994 titulorum,
943 1911 997 1974 sed
1020 1912 1054 1975 in
1076 1911 1203 1976 iudiciis
1225 1910 1325 1974 homi-

132 2035 210 2076 num
237 2014 396 2095 reponant
424 2011 613 2095 magnisque
640 2013 823 2076 nominibus
851 2035 945 2096 pares
967 2035 1001 2076 se
1022 2013 1167 2095 faciant,
1198 2016 1230 2076 et
1251 2014 1325 2077 dum

132 2113 306 2177 recusant?

216 2215 286 2280 lam
309 2216 406 2278 etiam
428 2216 462 2278 in
484 2215 680 2299 privatorum
704 2217 819 2280 animis
843 2216 1021 2281 exoleverat
1043 2218 1183 2301 priscum
1205 2217 1376 2281 morta-85

93 2339 119 2379 ro
132 2317 211 2382 lium
234 2318 368 2399 bonum,
400 2318 557 2402 amicitia,
590 2319 677 2382 cuius
706 2319 868 2384 inlocum
890 2320 1110 2404 migraverant
1133 2319 1325 2383 adsentatio-

132 2443 206 2505 nes,
231 2420 409 2484 blanditiae
432 2423 465 2484 et
485 2421 575 2504 peior
597 2420 668 2484 odio
691 2422 808 2484 amoris
832 2421 1001 2485 simulatio,
1040 2422 1160 2485 etenim
1181 2421 1216 2483 in
1238 2421 1325 2505 prin-

133 2523 240 2607 cipum
262 2523 354 2587 domo
376 2544 494 2586 nomen
516 2525 644 2586 tantum
667 2524 844 2606 amicitiae,
868 2524 964 2587 inane
980 2524 1103 2587 scilicet
1116 2522 1323 2606 inrisumque,
1370 2601 1371 2604 Ἴ

131 2625 329 2690 remanebat.
367 2646 442 2687 nam
465 2646 545 2709 quae
572 2628 698 2708 poterat
726 2647 795 2689 esse
817 2625 903 2689 inter
929 2647 982 2689 eos
1006 2625 1162 2707 amicitia,
1193 2643 1325 2707 quorum

132 2727 195 2791 sibi
217 2726 272 2790 alii
294 2726 432 2806 domini,
462 2726 516 2789 alii
544 2728 626 2791 servi
655 2727 867 2791 videbantur?
895 2730 931 2791 tu
958 2725 1041 2790 hanc
1069 2727 1195 2809 pulsam
1222 2726 1255 2788 et
1277 2747 1325 2788 er-

94 2832 257 2893 rorantem
286 2827 455 2892 reduxisti:
489 2828 588 2891 habes
616 2829 734 2892 amicos
742 2879 751 2912 ,
786 2830 860 2913 quia
887 2829 1006 2892 amicus
1034 2828 1102 2912 ipse
1131 2850 1174 2892 es.
1223 2848 1326 2911 neque

133 2931 220 2996 enim
241 2932 277 2994 ut
300 2930 363 2994 alia
385 2930 535 2994 subiectis
565 2929 611 2994 ita
633 2953 721 2994 arnor
743 2931 934 3015 imperatur,
964 2953 1066 3015 neque
1095 2934 1144 2994 est
1170 2929 1252 2992 ullus
1273 2929 1326 2992 ad-

132 3033 237 3097 fectus
264 3036 331 3096 tam
360 3036 484 3096 erectus
513 3032 648 3119 etliber
676 3037 707 3096 et
734 3032 961 3097 dominationis
983 3016 1163 3116 'impatiens
1191 3054 1250 3095 nec
1272 3032 1326 3115 qui

133 3135 238 3220 magis
260 3135 345 3198 vices
375 3135 493 3219 exigat.
531 3138 637 3217 potest
664 3136 800 3198 fortasse
829 3137 979 3219 princeps
1002 3135 1127 3218 inique,
1151 3136 1256 3218 potest
1278 3137 1324 3197 ta·

133 3258 209 3301 men
230 3237 301 3300 odio
325 3257 393 3300 esse
415 3258 481 3300 non
503 3236 615 3318 nullis,
648 3237 772 3300 etiamsi
795 3237 863 3321 ipsc
886 3259 952 3300 non
974 3237 1091 3300 oderit:
1126 3236 1240 3318 amari,
1263 3235 1326 3298 nisi

135 3430 338 3437 -—-—-

201 3546 388 3612 isuspiciunt
405 3547 428 3595 A
447 3547 601 3612 suscipiunt
617 3547 680 3595 non
781 3549 914 3612 tputant
932 3547 1022 3596 suaA
1124 3545 1196 3595 idern
1215 3546 1323 3610 utrique

133 3615 293 3666 Sciwnrzins
311 3632 346 3665 ee
364 3617 451 3665 codice
470 3617 589 3665 Parisino
608 3614 735 3678 idemque
754 3616 865 3678 utrique
887 3615 958 3669 ΔΒς
986 3615 1030 3662 ide
1048 3617 1177 3678 utrinque
1194 3615 1223 3662 d:
1251 3613 1324 3662 idem

131 3683 462 3734 -6duasesseorne
514 3680 685 3748 8umquam]
706 3683 836 3746 iniqueB
889 3681 1124 3743 bobtuleleratli
1179 3684 1209 3732 10
1229 3682 1323 3746 appel-

132 3749 276 3815 lationem]
295 3751 560 3816 deprecationem
629 3753 659 3800 12
679 3766 727 3818 seu
745 3765 934 3816 quaecumque
953 3751 981 3800 0.
1001 3751 1028 3800 F.
1049 3751 1091 3799 W.
1106 3749 1245 3798 Muellerus
1263 3765 1324 3798 mus.

131 3821 207 3870 rien.
235 3821 326 3873 noviss.
354 3837 376 3869 n.
396 3820 450 3869 XX
467 3819 503 3880 (a.
523 3818 601 3883 18⁶5)
627 3836 653 3883 p.
674 3822 730 3871 156.
758 3821 816 3869 miii
840 3819 998 3883 probabilius
1017 3833 1072 3868 esse
1098 3819 1197 3867 videtur
1219 3820 1326 3867 alteram

132 3890 312 3939 enuntiationis
330 3896 428 3950 partem
446 3895 505 3951 posi
523 3887 680 3936 dicerentur
698 3889 826 3938 excidisse
912 3888 944 3937 1⁷
961 3886 1043 3935 etiam
1062 3885 1123 3934 dum
1142 3888 1198 3938 cod.
1219 3885 1325 3937 Medioi.

132 3969 149 4010 ς
219 3958 250 4006 19
269 3956 323 4006 iam
343 3958 427 4006 etiam
447 3960 474 4005 et
492 3956 520 4005 in
537 3954 627 4004 Aaou
644 3955 700 4003 iarn
719 3968 798 4005 omne
818 3956 902 4005 etiam
926 3956 954 4003 in
972 3957 1030 4005 cod.
1051 3953 1156 4004 Medici.
1177 3955 1231 4003 iem
1251 3957 1278 4003 et
1297 3955 1325 4001 in

131 4025 276 4074 Livineius:
294 4025 348 4073 iam
367 4028 395 4074 et
412 4024 441 4072 in
460 4024 613 4088 principum
633 4028 662 4072 et
678 4023 706 4071 in
724 4025 893 4088 priuatorum
913 4022 1012 4072 animis
1032 4022 1158 4087 Gieriqins
1255 4023 1325 4086 pris-

133 4089 206 4157 cum]
227 4093 418 4157 priscorumA
486 4093 520 4140 20
538 4092 708 4156 migrauerat
726 4091 741 4154 β
760 4091 1128 4157 immigrauerantLivineius
1196 4092 1227 4139 21
1247 4090 1326 4154 peior

133 4161 195 4210 odio
213 4162 342 4211 Liuineius
359 4162 434 4225 prior
452 4160 514 4210 odio
532 4160 554 4208 A
572 4160 650 4224 peior
668 4156 765 4224 (peuor
783 4177 852 4211 corr.
872 4161 947 4223 peior
964 4158 992 4220 b)
1017 4159 1082 4208 ordo
1100 4158 1144 4212 1³5
1167 4159 1241 4223 prior
1260 4158 1325 4206 ordo

132 4231 168 4278 od
235 4230 287 4279 Est
305 4229 418 4278 enimA
487 4229 519 4277 22
539 4242 636 4278 noman
655 4230 762 4276 tantum
781 4229 922 4278 amicitiae
940 4230 962 4275 A
985 4242 1039 4275 non
1058 4230 1164 4275 tantum
1184 4227 1325 4275 amicitiae

130 4295 559 4347 Bnomentuumamicitiacd
626 4291 722 4362 inane]
742 4298 846 4346 uaneb
914 4298 947 4346 23
971 4294 1141 4348 manebat&
1194 4308 1326 4357 namque

131 4365 180 4413 Ad
198 4379 260 4415 narn
280 4366 327 4428 qui
343 4361 423 4414 A²Bo
458 4365 491 4413 24
509 4364 563 4414 sibi
580 4362 682 4412 domini
702 4364 749 4413 alii
768 4364 816 4415 alii
835 4364 945 4415 seruiA
978 4364 1011 4411 26
1029 4361 1101 4411 ullus
1121 4360 1192 4410 alins
1212 4361 1326 4411 affectus

133 4434 162 4484 G.
181 4435 217 4483 H.
236 4433 391 4496 Scioeserus
459 4434 491 4482 27
510 4437 566 4481 tam
586 4435 614 4481 et
631 4435 724 4481 rectus
743 4432 758 4494 β
845 4439 872 4482 et
890 4432 961 4481 liber
978 4432 1020 4480 Bo
1039 4430 1122 4480 etiam
1142 4429 1212 4479 liber
1228 4430 1251 4478 A
1270 4434 1326 4478 tarn

131 4501 203 4552 liber
220 4503 237 4549 d
305 4504 338 4552 28
354 4503 467 4564 fortusse
486 4505 577 4566 potest
595 4501 723 4565 princeps
742 4501 858 4551 fortasse
878 4500 971 4565 inique

1069 4585 1120 4634 26¹¹
