3024 5062
247 255 491 305 uersuumauu
507 249 648 300 rea-coa.
667 237 796 325 [so-sc.
820 251 859 300 17.
877 238 927 322 ru]
953 249 989 314 (a.
1007 249 1159 315 111-113)
1245 240 1308 303 303

483 492 678 558 LXXXIII.
708 493 925 579 [LXXXVII]

398 614 429 665 c,
449 615 596 666 ruimus
616 616 777 667 rumino
796 615 1027 668 IMPERATORI

203 732 362 816 Rogatus,
388 731 530 815 domine,
552 753 571 794 a
592 731 823 796 Nicaeensibus
844 731 970 815 publice
992 753 1049 815 per
1071 753 1108 795 ea
1129 753 1209 816 quae
1231 731 1310 796 mihi

119 837 152 898 et
173 836 250 897 sunt
272 836 304 896 et
319 833 437 897 debent
459 854 527 896 esse
542 833 760 917 sanctissima,
784 834 817 897 id
839 835 889 897 est
902 855 960 918 per
975 832 1200 897 aeternitatem
1221 837 1309 898 tuam

91 935 333 1019 ssalutemque,
356 938 393 998 ut
414 955 524 1018 preces
547 957 620 999 suas
644 935 683 998 ad
705 937 738 999 te
753 936 939 1020 perferrem,
963 936 1013 1000 fas
1035 957 1100 999 non
1123 937 1231 1019 putavi
1253 958 1309 999 ne-

118 1058 198 1122 gare
220 1039 447 1121 acceptumque
471 1037 511 1100 ab
533 1037 573 1101 iis
595 1036 739 1101 libellum
761 1036 835 1102 huic
858 1038 1013 1121 epistulae
1035 1038 1135 1104 iunxi.

483 1205 678 1271 unsrun.
706 1206 939 1295 [aunuum]

554 1328 737 1380 TRAIANUS
761 1327 887 1378 PLINIO

145 1440 148 1444 “
203 1443 451 1527 Nicaeensibus,
486 1443 541 1526 qui
568 1444 794 1508 intestatorum
826 1444 943 1510 civium
970 1466 1098 1508 suorum
1128 1467 1311 1510 concessam

80 1567 106 1607 ιο
118 1547 368 1613 vindicationem
383 1547 538 1610 bonorum
561 1568 580 1609 a
595 1545 666 1610 divo
682 1547 828 1631 Augusto
844 1546 1025 1630 adfirmant,
1047 1547 1177 1611 debebis
1196 1570 1311 1612 vacare

119 1650 294 1715 contractis
317 1647 464 1712 omnibus
479 1647 624 1731 personis
641 1646 681 1710 ad
695 1648 780 1712 idem
795 1647 961 1732 negotium
983 1649 1230 1741 pertinentibus,
1258 1650 1311 1713 ad-

118 1751 231 1817 hibitis
252 1749 364 1816 Virdio
388 1749 567 1814 Gemellino
596 1752 628 1813 et
655 1749 849 1834 Epimacho,
879 1749 995 1814 liberto
1016 1773 1102 1829 meo,
1127 1755 1310 1834 procurato-

118 1854 223 1935 ribus,
247 1855 283 1916 ut
304 1851 481 1916 aestimatis
497 1851 594 1915 etiam
608 1849 648 1915 iis
666 1873 747 1935 quae
763 1853 875 1916 contra
891 1851 1042 1916 dicuntur
1056 1853 1140 1938 quod
1155 1854 1311 1937 optimum

120 1952 317 2020 credideritis
339 1954 500 2018 statuatis.

555 2122 715 2188 cxxxv.
741 2123 868 2210 [nvn]

399 2245 429 2300 Ο.
450 2245 599 2297 PLINIUS
618 2246 777 2298 TRAIANO
796 2246 1024 2297 IMPERATORI

205 2363 397 2444 Maximum,
430 2361 580 2426 libertum
609 2365 641 2426 et
668 2365 907 2446 procuratorem
935 2367 1042 2445 tuum,
1077 2362 1220 2447 domine,
1255 2385 1312 2448 per

120 2487 214 2531 omne
235 2468 362 2548 tempus
384 2486 445 2549 quo
467 2464 587 2529 fuimus
608 2487 673 2528 uua
695 2466 830 2549 probum
852 2468 885 2529 et
906 2464 1099 2528 industrium
1121 2469 1154 2529 et
1176 2465 1311 2550 diligen-

119 2571 186 2633 tem
208 2589 247 2632 ac
261 2568 343 2632 sicut
364 2568 411 2630 rei
433 2570 507 2630 tuac
523 2567 777 2631 amantissimum
798 2566 846 2630 ita
860 2565 1049 2650 disciplinae
1070 2567 1311 2631 tenacissimum

82 2672 297 2754 coexpertus,
314 2669 452 2734 libenter
479 2669 562 2752 apud
590 2671 623 2733 te
651 2669 836 2733 testimonio
865 2689 1037 2753 prosequor
1064 2689 1102 2732 ea
1126 2669 1188 2732 fide
1216 2691 1311 2752 quam

119 2773 181 2837 tibi
203 2772 312 2838 debes.

517 2940 684 3007 cxxxvi
699 2945 737 3011 u.
767 2940 912 3028 [xum]

401 3064 432 3115 Ο.
450 3060 604 3116 Pumms‘
617 3064 777 3117 TRAIANO
797 3062 1026 3115 IMPERATORI

207 3181 344 3248 Gavium
366 3177 517 3264 Bassum,
544 3181 687 3264 domiue,
716 3180 914 3265 praefectum
937 3202 1010 3244 orae
1032 3179 1202 3265 Ponticae,
1230 3183 1339 3248 inte-l

82 3301 107 3341 2⁵
120 3304 216 3369 grum
253 3283 388 3368 probum
429 3282 623 3346 industrium
666 3284 759 3366 atque
797 3283 883 3347 inter
922 3283 986 3346 ista
1019 3284 1312 3349 reverentissimum

120 3387 185 3450 mei
208 3388 371 3469 expertus,
399 3387 473 3449 voto
494 3385 615 3468 pariter
637 3386 670 3447 et
692 3383 844 3469 suffragio
866 3406 1039 3470 prosequor
1067 3407 1104 3449 ea
1126 3386 1188 3449 fide
1216 3409 1312 3471 quam

119 3487 182 3552 tibi
204 3488 311 3552 debeo.

191 3712 337 3764 LXXXIII
354 3714 396 3763 De
415 3713 582 3764 Nicensibus
601 3714 669 3764 ,ΙΝ
680 3713 722 3762 ‚A
790 3715 806 3762 3
823 3710 987 3762 Niceusibus
1001 3713 1024 3760 A
1092 3714 1108 3762 6
1126 3714 1160 3765 ab
1179 3712 1221 3764 his
1239 3716 1262 3763 A

190 3781 349 3842 LXXXIIH
367 3783 382 3831 9
400 3781 566 3832 Niceusibus
583 3782 606 3829 A
692 3795 850 3831 concessam
877 3779 932 3830 sibi
949 3779 1162 3831 vindicationem
1181 3783 1312 3833 Mommse-

118 3867 168 3902 nus
238 3851 270 3899 12
289 3849 443 3900 Gemellino
462 3848 639 3899 cPemellinc
657 3850 680 3897 A

190 3916 317 3968 LXXXV
335 3917 515 3969 Commendet
533 3932 601 3982 quos
618 3921 747 3982 expertus
771 3920 814 3966 cst
833 3915 913 3968 ‚Lvl
923 3918 969 3975 ,Α
1090 3920 1121 3968 li
1139 3922 1216 3967 tuum
1235 3919 1312 3969 Cata-

118 4003 201 4039 naeus
219 3999 235 4035 a
250 4001 340 4036 meum
357 3985 381 4035 A
1335 3990 1339 3996 '

190 4053 364 4105 LXXXVIA
393 4054 534 4119 Epistulam
552 4070 605 4104 cum
621 4054 712 4118 priore
729 4055 886 4104 coniunctum
903 4055 929 4103 iu
945 4052 969 4102 A
986 4056 1117 4118 separauit
1136 4054 1279 4104 Outuuoeus
1297 4070 1314 4104 a

190 4124 224 4172 24
243 4121 359 4173 Gabium
379 4137 395 4171 c
414 4121 542 4173 Galbium
560 4122 583 4169 A
651 4137 716 4171 orae
734 4122 870 4171 Ponticae
891 4120 1045 4172 Coronaeus²
1063 4138 1127 4172 orae
1145 4123 1227 4172 Ponti
1245 4123 1268 4170 A
1404 4180 1406 4184 y

118 4195 154 4245 2⁸1
174 4190 277 4241 debeo:
307 4205 388 4254 quam
415 4206 449 4240 ea
476 4205 546 4254 quae
565 4195 659 4256 speret
677 4190 839 4239 instructum
858 4190 881 4237 A
906 4188 993 4239 debeo
1020 4205 1100 4253 quem
1128 4189 1162 4240 sd
1189 4206 1223 4240 ea
1243 4207 1313 4256 quae

119 4264 218 4328 speret
234 4259 398 4309 instructum
415 4259 562 4309 Beroaldus
588 4258 682 4319 dobeo,
711 4272 792 4322 quam
810 4257 916 4308 abunde
937 4273 983 4319 ea,
1011 4273 1082 4322 quse
1100 4263 1195 4323 speret
1212 4260 1313 4309 instru-

119 4335 198 4381 ctum
215 4341 233 4376 a
258 4326 363 4389 dobeo,
393 4343 471 4392 quem
499 4327 607 4377 abunde
625 4328 756 4390 conspexi
774 4327 938 4376 instructum
957 4325 1112 4376 Gutcnueus²
1139 4326 1225 4377 debeo
1243 4332 1314 4377 tam-

119 4394 260 4464 quemad
280 4410 313 4445 ea
332 4411 401 4460 qnae
421 4399 516 4460 sperat
533 4394 695 4445 instructum
714 4396 823 4446 coniecit
840 4393 955 4446 Orellius.
979 4410 1058 4444 novoe
1076 4397 1200 4459 epistulae
1218 4398 1314 4446 initium

117 4473 194 4518 recte
220 4465 386 4514 commueret
415 4463 558 4514 Octanoeus
582 4466 609 4512 in
633 4464 718 4527 primo
743 4464 863 4521 editione,
889 4460 983 4511 debeo.
999 4459 1005 4528 Ι
1022 4461 1052 4517 C.
1071 4462 1176 4514 Plinius
1193 4463 1313 4515 Traiano

119 4535 191 4600 imp.
209 4531 238 4582 S.
254 4529 260 4597 Ι
274 4531 392 4582 Fabium
409 4531 553 4583 Valentem
572 4533 738 4581 instructum
