3024 5062
184 227 248 291 316
588 240 618 307 c.
642 241 738 288 nunu
761 240 806 295 ur
828 239 973 287 ιιιιιιιιι

185 418 266 480 quae
288 395 449 460 iselastica
472 417 540 459 esse
554 394 676 478 placuit
697 393 792 477 milri,
818 394 844 457 si
867 396 942 459 aute
963 392 1124 457 iselastica
1145 413 1212 456 non
1233 392 1378 476 fuerunt,

185 501 271 562 retro
293 520 358 561 ιιοιι
382 496 553 580 debentur3
576 518 636 560 nec
657 497 811 580 proficere
833 517 892 579 pro
915 494 1070 559 desiderio
1093 494 1287 559 athletarum
1309 497 1379 577 pot-

186 599 340 682 estquod
364 621 471 663 eorum
495 621 575 682 quae
596 601 708 683 postea
730 597 891 662 iselastica
911 620 978 661 nou
1001 618 1069 661 esse
1092 595 1256 678 constitui,
1280 618 1380 680 quam

186 702 345 784 vicerant,
361 701 506 784 accipere
522 699 693 764 desierunt.
721 702 844 779 mutata
861 699 947 764 enim
963 697 1149 763 condicione
1166 697 1377 762 certaminum

185 802 286 866 nihilo
308 802 413 867 minus
436 824 517 886 quae
540 805 615 866 ante
637 805 831 886 peregerant
852 824 919 866 non
940 802 1141 866 revocantur.
1391 819 1404 856 5

647 970 744 1037 cxx.
775 970 912 1057 ιιιιιιιιι

465 1093 495 1146 Ο,
515 1093 661 1144 PLINIUS
680 1091 837 1143 TRAIANO
856 1092 1084 1143 IMPERA'I'ORI

158 1212 173 1273 1
270 1210 378 1294 Usque
406 1210 441 1273 in
468 1208 529 1273 hoc
551 1212 692 1291 tempus,
724 1209 865 1292 domine,
894 1230 998 1294 neque
1027 1209 1175 1292 cuiquam
1202 1208 1380 1292 diplomata

186 1311 381 1376 commodavi
409 1331 512 1395 neque
539 1310 574 1374 in
601 1332 669 1373 rem
695 1311 794 1374 ullam
822 1311 885 1374 nisi
912 1313 1003 1375 tuam
1031 1309 1115 1375 misi.
1149 1332 1244 1394 quam
1266 1305 1379 1395 perpe-

154 1416 273 1478 2tuam
296 1412 509 1476 servationem
531 1400 634 1476 meam
656 1411 813 1495 quaedam
831 1398 1016 1477 ¹necessitas
1038 1413 1136 1495 rupit.
1177 1412 1270 1476 uxori
1292 1412 1417 1476 enim10

123 1501 127 1511 ’
185 1538 274 1580 meae
297 1514 406 1578 audita
427 1516 529 1578 morte
552 1514 602 1577 avi
624 1514 744 1578 volenti
767 1514 804 1577 ad
829 1515 962 1578 amitam
984 1536 1074 1578 suam
1097 1535 1264 1578 excurrere
1286 1536 1380 1578 usum

185 1638 293 1680 eorum
308 1637 428 1700 negare
450 1616 564 1680 durum
578 1616 705 1701 putavi,
730 1638 802 1681 cum
816 1616 891 1680 talis
912 1615 1013 1689 officii
1028 1616 1134 1700 gratia
1156 1614 1191 1679 in
1214 1617 1380 1699 celeritate

186 1719 388 1801 consisteret,
411 1717 586 1802 sciremque
602 1718 758 1783 rationem
781 1717 906 1783 itineris
920 1717 1146 1802 probaturum,
1171 1717 1260 1782 cuius
1284 1739 1380 1782 causa

185 1824 255 1884 erat
276 1821 390 1904 pietas.
429 1819 510 1884 haec
532 1820 593 1884 tibi
615 1820 744 1904 scripsi,
773 1820 846 1905 quia
868 1821 947 1885 mihi
969 1823 1218 1904 parumgratus
1240 1820 1311 1884 fore
1333 1819 1379 1883 vi-

185 1923 298 2004 debar,
322 1923 349 1985 si
372 1921 619 1985 dissimulassem
647 1923 732 1986 inter
755 1922 817 1986 alia
845 1921 1001 1988 beneficia
1021 1920 1091 2004 hoc
1105 1943 1229 2007 quoque
1252 1942 1305 1984 me
1327 1921 1379 1986 de·
1392 1937 1415 1978 1⁵

160 2106 161 2110 Ἰ
184 2023 500 2107 ὶιθιιιιιιάιιΙςιιιιιίιιιι
521 2026 613 2107 tuae,
641 2024 725 2109 quod
747 2023 863 2088 fiducia
885 2024 952 2089 eius
974 2046 1167 2108 quamquam
1195 2023 1379 2088 inconsulto

183 2127 216 2188 te
238 2146 304 2188 non
326 2125 470 2189 dubitavi
489 2129 597 2202 facere
619 2147 716 2210 quae,
744 2126 771 2189 si
794 2125 1038 2210 consuluissem,
1062 2147 1133 2191 sero
1155 2125 1314 2190 fecissem.

632 2295 746 2362 orni.
771 2294 927 2384 [ormi]

619 2416 799 2470 TRAIANUS
817 2417 943 2509 PLINIQ

268 2532 385 2596 Merito
400 2533 559 2617 habuisti,
579 2533 723 2598 Secunde
739 2534 916 2617 carissime,
939 2535 1088 2600 fiduciam
1104 2536 1209 2617 animi,
1220 2528 1296 2620 mei,
1319 2559 1378 2601 nec
1389 2551 1415 2605 ²⁰.

185 2633 394 2698 dubitandum
420 2635 484 2699 fuit
505 2623 567 2714 ‚troi
587 2640 696 2713 facere
727 2657 805 2716 quae
831 2658 899 2701 sero
928 2641 1070 2717 fecisses,
1088 2630 1134 2717 [si
1151 2642 1375 2722 ,expectasses
1446 2690 1450 2699 .

184 2736 285 2800 donee
300 2758 351 2799 me
367 2737 563 2820 consuleres,
588 2760 630 2815 an
653 2738 715 2801 iter
729 2738 836 2802 uxoris
851 2742 925 2819 tuae
943 2739 1187 2823 diplomatibuS,
1211 2762 1294 2824 quae
1308 2741 1381 2822 effi.

185 2838 233 2901 cio
255 2841 310 2901 tuo
333 2838 421 2923 dedi,
452 2839 664 2903 adiuvandum
688 2843 787 2923 esset,
804 2862 889 2922 cum
900 2841 996 2925 apud
1022 2841 1155 2923 amitam
1169 2863 1276 2923 suam
1299 2855 1377 2906 uxor

183 2942 239 3042 tua
262 2940 391 3004 deberet
413 2941 510 3005 etiam
534 2941 696 3005 celeritate
719 2945 793 3025 grat
793 2943 858 3005 iam
880 2942 999 3006 advent
984 2945 1037 3006 tus
1060 2942 1109 3007 sui
1131 2964 1279 3027 augere¹

251 3065 390 3126 2potest:
410 3068 465 3112 tam
484 3079 591 3112 eorum:
612 3079 681 3128 quae
694 3069 793 3128 postea
805 3063 916 3114 Iselas
896 3067 954 3114 rea
972 3064 1034 3130 lege
1048 3065 1152 3115 constr
1141 3070 1194 3115 ur
1215 3081 1298 3128 quam
1317 3081 1408 3116 curn

95 3167 104 3174 .
183 3131 326 3181 uincerent
344 3147 404 3181 esse
423 3131 564 3180 desierunt
584 3133 726 3181 Coronaeus
792 3127 925 3199 3quod]
945 3133 1010 3197 quid
1027 3131 1173 3183 Beroaldus
1244 3149 1296 3183 non
1317 3150 1375 3183 esse

88 3225 92 3232 ,
184 3200 316 3248 Araoldus
334 3199 489 3261 Sclaeferus
507 3215 562 3249 ιιοιι
580 3198 708 3266 legeA
735 3215 816 3264 quam
835 3200 1106 3251 vicerattArnoldus
1125 3200 1375 3266 Soleaeferusquam

185 3267 230 3330 qui
248 3267 339 3316 ierant
356 3267 379 3315 A
448 3270 463 3317 5
481 3273 625 3331 peregerat
614 3267 788 3318 tBeroaldus
806 3273 1001 3333 perceperant
1004 3283 1021 3316 a

252 3333 324 3383 CXX
348 3336 390 3384 De
412 3335 643 3399 Diplomatibus
653 3335 789 3387 LXXIII.
807 3337 830 3385 A
933 3339 964 3387 10
982 3337 1203 3386 obseruationem
1225 3338 1375 3388 Coronaeus.

181 3403 295 3482 sortasse
314 3403 445 3453 rationem
549 3405 580 3454 13
598 3405 752 3468 sciremque
776 3408 804 3453 te
823 3404 958 3470 rationem
976 3405 1183 3455 Caraoaeasa
1260 3409 1291 3455 14
1308 3406 1377 3470 haec

184 3471 296 3535 scripsi,
317 3471 381 3534 quia
398 3470 465 3519 mihi
484 3486 579 3535 parum
597 3475 692 3536 gratus
711 3471 762 3521 tibi
780 3471 839 3521 fore
858 3487 875 3520 a
978 3475 1009 3522 15
1028 3472 1052 3522 si
1070 3472 1289 3522 dissimulassem
1308 3477 1377 3523 inter

184 3539 240 3587 alia
257 3538 393 3588 beneficia
410 3539 462 3588 hoc
480 3555 580 3589 novum
599 3553 706 3603 quoque
725 3555 768 3588 me
786 3539 885 3589 debere
898 3540 1108 3606 indulgentiae
1109 3545 1192 3605 tuae,
1221 3543 1291 3605 quod
1311 3542 1376 3591 fidu

183 3606 228 3655 cia
247 3608 305 3656 eius
325 3607 448 3670 quamvis
466 3606 648 3658 inconsultot
637 3611 664 3657 e
682 3623 737 3657 non
750 3608 888 3667 dubitavi,
909 3623 985 3675 quem
1006 3624 1029 3657 si
1021 3602 1250 3673 'consuluissem
1270 3611 1377 3661 scilicet

183 3689 244 3724 sero
263 3674 392 3724 fecissem
412 3673 520 3724 Orellias
571 3675 623 3724 hoc
642 3691 747 3740 quoque
771 3691 812 3724 me
836 3676 936 3726 debere
957 3677 1083 3746 Gesnerus
1100 3676 1153 3727 hcc
1171 3693 1226 3726 uno
1245 3678 1317 3743 quod
1336 3695 1376 3728 ma

182 3742 323 3792 debereA
349 3743 401 3792 hoc
428 3757 481 3792 uno
501 3758 607 3808 quoque
632 3759 673 3792 me
692 3743 788 3792 debere
807 3743 953 3795 Beroaldus
971 3745 1022 3794 hoc
1040 3739 1123 3794 anum
1141 3760 1250 3810 quoque
1269 3762 1313 3795 me
1332 3747 1375 3796 dc·

183 3810 248 3859 bere
269 3811 412 3860 Coronaeus
430 3810 482 3861 hoc
500 3826 583 3859 unum
601 3811 674 3874 quod
692 3827 734 3860 me
757 3811 853 3862 debere
877 3812 997 3862 sciebam
1016 3828 1033 3861 a
1135 3815 1165 3862 16
1186 3813 1259 3893 quod
1277 3813 1377 3877 fiducia

184 3879 241 3927 eius
262 3894 316 3944 qua
333 3877 490 3928 inconsulto
517 3883 545 3928 te
572 3894 627 3929 ιιοιι
646 3879 786 3928 dubitaui:
814 3895 893 3944 quem
912 3881 936 3929 si
955 3879 1167 3931 consuluissem:
1196 3882 1237 3930 sic
1256 3897 1319 3932 sero
1337 3883 1376 3933 fe·

183 3946 281 3995 cissem
299 3945 322 3994 A
341 3945 411 4010 quod
429 3945 529 3996 fiducia
552 3947 612 3996 eius
635 3947 791 3997 inconsulto
764 3951 838 3998 tte
858 3948 1016 4013 praeripere
1044 3964 1098 3999 ιιοιι
1126 3948 1268 3999 dubitaui:
1298 3966 1375 4015 quem

149 4010 152 4015 ’
183 4014 208 4062 si
227 4015 426 4064 consuluissem
445 4016 485 4063 sic
503 4030 564 4065 sero
583 4015 730 4065 faecissem
743 4016 888 4066 Coronaeus
907 4016 978 4080 quod
995 4016 1096 4066 fiducia
1116 4018 1190 4079 eius,
1210 4019 1295 4101 quasi
1314 4034 1364 4068 con

182 4081 255 4129 sulto
274 4089 302 4132 te
320 4098 374 4132 non
393 4082 519 4132 dubitaui
538 4082 640 4144 facere,
655 4098 735 4147 quem
755 4084 778 4133 si
796 4084 991 4135 consuluissem
1012 4101 1072 4135 sero
1093 4085 1223 4136 fecissem
1242 4102 1259 4135 a

251 4149 339 4200 CXXI
357 4153 389 4200 20
408 4166 458 4199 nec
484 4149 662 4200 dubitandum
689 4152 743 4201 fuit
769 4152 822 4202 tibi
841 4152 935 4202 faeere
960 4168 1032 4217 quae
1055 4168 1116 4203 sero
1135 4153 1251 4203 fecisses
1280 4155 1304 4204 si
1333 4171 1376 4204 ex

183 4221 326 4282 pectasses
344 4218 512 4268 Momnasenus
531 4234 582 4268 uec
602 4219 780 4269 dubitandum
800 4220 884 4270 fuisse
903 4222 927 4269 si
944 4224 1119 4286 expectasset
1137 4221 1160 4269 A
1177 4236 1231 4272 nec
1249 4222 1377 4272 dubitari

182 4285 244 4333 dum
262 4286 350 4335 fuisse
369 4287 392 4334 si
411 4291 512 4351 expect
514 4302 591 4336 asses
609 4287 754 4337 Beroaldus
773 4303 826 4336 non
850 4288 1030 4339 dubitandum
1049 4289 1135 4339 fuisse
1154 4289 1178 4339 si
1198 4295 1377 4355 expectasses

182 4353 327 4403 Coronaeus
345 4370 395 4403 nee
415 4354 594 4404 dubitandum
614 4355 717 4407 fuisset
737 4357 761 4405 si
783 4362 994 4421 expectassent
1080 4360 1112 4408 23
1131 4362 1218 4408 esset:
1249 4374 1311 4408 cum
1330 4359 1377 4408 Co-

182 4429 288 4471 ronoeas
306 4426 395 4472 esset:
415 4427 443 4471 et
461 4439 521 4472 cum
539 4423 685 4472 Beroaldus
705 4438 778 4474 esse:
799 4430 826 4474 et
846 4440 906 4473 curn
925 4425 948 4473 A
968 4429 1054 4488 esset,
1075 4440 1152 4475 usum
1173 4441 1269 4476 eorum
1288 4428 1378 4477 inteu-

182 4489 251 4537 tioni
270 4495 333 4539 tuae
354 4506 407 4540 non
426 4491 572 4555 profuisse,
592 4507 650 4540 cum
671 4506 687 4539 a

675 4593 876 4601 ——-—...-.—
