3024 5062
501 224 743 272 ranacrmcus
759 220 800 270 11.
824 221 865 269 11.
887 220 928 269 aa.
1242 208 1310 273 393

118 378 294 463 praevenit.
342 379 433 442 tauta
464 378 525 442 tibi
551 378 750 462 integritatis
783 379 912 442 nostrae
933 377 1049 442 fiducia
1071 378 1148 461 fuit,
1181 381 1219 442 ut
1245 399 1310 442 non

119 479 281 544 dubitares
302 482 336 543 te
358 479 447 544 salva
469 479 657 564 diligentiae
678 482 754 543 tuae
776 479 900 543 ratione
914 480 1091 562 facturum,
1115 479 1142 543 si
1164 501 1223 543 nos
1237 482 1312 565 post

119 581 294 647 maximum
316 582 456 646 officium
479 583 621 666 privatos
651 603 719 646 esse
747 603 812 646 non
835 582 966 646 sineres.
1003 581 1094 666 quid,
1123 583 1206 666 quod
1235 605 1310 646 eun·

119 684 191 749 dem
205 684 240 748 in
263 706 384 748 annum
402 682 602 749 consulatum
624 687 769 747 nostrum
792 684 1033 749 contulisti...?
1061 705 1137 769 ergo
1159 706 1225 748 non
1248 685 1311 748 alia

93 807 177 851 snos
199 787 321 872 pagina
343 808 437 870 quam
459 789 491 850 te
515 784 677 849 consulem
693 785 844 868 accipiet,
869 787 902 849 et
915 788 1027 850 nostra
1042 808 1164 871 quoque
1178 786 1310 850 nomina

119 887 275 952 addentur
295 888 388 952 fastis
404 888 518 972 quibus
533 888 601 970 ipse
616 887 853 970 praescribens.
884 890 920 950 tu
935 888 1071 952 comitiis
1087 889 1205 976 nostris
1220 910 1310 972 prae-

118 989 237 1073 sidere,
259 992 296 1054 tu
317 989 411 1053 nobis
433 988 670 1054 sanctissimum
692 987 771 1052 illud
795 1009 923 1053 carmen
945 991 1070 1073 praeire
1091 989 1244 1074 dignatus
1267 1011 1310 1074 es,

117 1095 173 1156 tuo
195 1091 312 1155 iudicio
336 1093 480 1155 consules
503 1089 598 1173 facti,
625 1093 682 1154 tua
710 1111 787 1154 voce
809 1091 986 1155 renuntiati
1010 1113 1117 1156 sumus
1128 1139 1138 1173 ,
1168 1094 1205 1155 ut
1226 1091 1311 1156 idem

118 1194 291 1258 honoribus
327 1193 447 1257 nostris
480 1192 672 1277 suffragator
704 1192 739 1257 in
773 1192 876 1276 curia,
914 1193 949 1256 in
988 1215 1099 1280 campo
1132 1193 1311 1258 declarator

81 1316 105 1356 10
119 1297 280 1361 existeres
318 1295 382 1359 iarn
417 1295 500 1379 quod
523 1295 551 1358 ei
574 1317 629 1360 nos
649 1295 851 1378 potissimum
873 1294 979 1359 mensi
1001 1295 1192 1379 attribuisti,
1217 1302 1327 1380 quem‘

117 1402 192 1462 tuus
212 1397 333 1463 natalis
356 1399 506 1481 exornat,
531 1419 625 1480 quam
648 1396 817 1480 pulchrum
838 1396 947 1461 nobis!
971 1398 1085 1482 quibus
1107 1399 1220 1481 edicto,
1245 1399 1311 1482 qui-

118 1500 176 1564 bus
205 1499 387 1584 spectaculo
417 1498 576 1563 celebrare
605 1499 773 1584 continget
800 1500 884 1563 diem
917 1500 1008 1563 illum
1041 1500 1161 1584 triplici
1194 1500 1311 1585 gaudio

117 1603 253 1684 laetum,
297 1602 352 1686 qui
373 1601 552 1686 principem
574 1601 707 1665 abstulit
728 1602 918 1685 pessimum,
942 1601 1030 1666 dedit
1053 1603 1224 1687 optimum,
1247 1625 1312 1667 me·

117 1705 229 1770 liorem
251 1707 372 1789 optimo
394 1704 516 1789 genuit.
554 1725 613 1767 nos
643 1703 702 1767 sub
725 1703 824 1767 oculis
847 1704 911 1768 tuis
935 1705 1100 1789 augustior
1128 1705 1221 1770 solito
1244 1728 1312 1771 cur·

80 1825 171 1872 rarus
193 1806 345 1890 accipiet,
375 1827 434 1870 nos
462 1805 547 1870 inter
568 1806 707 1870 secunda
736 1805 843 1870 omina
865 1809 898 1871 et
924 1809 999 1871 vota
1027 1807 1201 1891 certantia,
1230 1830 1312 1893 quae

117 1909 282 1992 praesenti
309 1908 370 1971 tibi
393 1909 613 1990 conferentur,
643 1906 796 1972 vehemur
824 1907 946 1973 alacres
975 1913 1008 1973 et
1035 1911 1150 1974 incerti
1179 1932 1217 1974 ex
1238 1913 1312 1974 utra

117 2013 210 2096 parte
231 2010 333 2073 maior
355 2010 484 2074 auribus
507 2009 626 2074 nostris
650 2010 775 2074 accidat
791 2009 920 2075 clamor.
951 2033 1046 2094 super
1069 2011 1176 2076 omnia
1197 2015 1307 2077 tamen
1318 2012 1358 2075 93

117 2112 367 2197 praedicandum
397 2112 523 2177 ridetur
550 2113 632 2197 quod
659 2112 780 2197 pateris
812 2113 957 2177 consules
992 2135 1060 2178 esse
1088 2135 1165 2198 quos
1192 2114 1309 2179 fecisti.

117 2215 235 2300 quippe
257 2214 382 2279 nullum
403 2214 598 2298 periculum,
626 2214 733 2278 nullus
762 2236 800 2278 ex
822 2215 967 2299 principe
995 2217 1098 2280 metus
1129 2215 1311 2281 consulares

80 2337 105 2377 11
118 2317 242 2382 animos
264 2316 412 2381 debilitat
433 2319 466 2380 et
487 2316 628 2401 frangit,
652 2316 734 2381 nihil
749 2316 859 2381 invitis
875 2317 1077 2400 audiendum,
1094 2318 1177 2381 nihil
1193 2319 1311 2382 coactis

117 2420 352 2484 decernendum
375 2420 446 2484 erit.
476 2421 587 2482 manet
608 2419 812 2503 manebitque
834 2419 949 2483 honori
971 2420 1134 2484 veneratio
1157 2441 1225 2502 sua,
1250 2441 1311 2484 nec

116 2521 323 2586 securitatem
345 2521 536 2585 auctoritate
558 2520 735 2604 perdemus.
774 2543 812 2584 ac
834 2521 938 2605 siquid
959 2521 1043 2586 forte
1066 2543 1104 2585 ex
1127 2521 1311 2586 consulatus

116 2623 251 2708 fastigio
273 2622 371 2688 fuerit
393 2623 607 2707 deminutum,
635 2627 747 2687 nostra
768 2622 848 2687 haec
872 2623 933 2687 erit
955 2623 1066 2707 culpa,
1090 2645 1156 2687 non
1182 2621 1310 2687 saeculi.

116 2726 194 2790 licet
216 2725 320 2809 enim,
350 2728 505 2810 quantum
533 2726 572 2790 ad
595 2725 791 2810 principem,
821 2725 898 2790 licet
922 2726 1005 2789 tales
1035 2725 1179 2790 consules
1202 2747 1309 2810 agere,

78 2845 104 2889 25
117 2828 227 2913 quales
250 2831 326 2892 ante
347 2827 510 2912 principes
533 2832 634 2893 erant.
672 2829 811 2893 ullamne
839 2827 899 2891 tibi
925 2850 984 2913 pro
1006 2828 1170 2893 beneficiis
1192 2828 1310 2892 referre

116 2929 258 3015 gratiam
280 2951 391 3012 parem
412 2929 603 3013 possumus?
624 2931 687 2994 nisi
709 2933 818 2995 tamen
840 2930 946 3013 illam,
969 2933 1006 2994 ut
1027 2952 1152 3014 semper
1172 2952 1231 2994 uos
1246 2952 1310 2995 me-

117 3031 304 3096 minerimus
334 3030 480 3096 consules
506 3032 606 3097 fuisse
635 3036 667 3098 et
695 3031 840 3097 consules
867 3035 939 3097 tuos
946 3082 955 3113 ,
985 3054 1022 3096 ea
1050 3032 1243 3118 sentiamus,
1272 3055 1310 3097 ea

118 3155 303 3200 censeamus
336 3154 417 3218 quac
451 3134 671 3199 consularibus
699 3135 799 3220 digna
827 3138 918 3218 sunt,
950 3135 997 3198 ita
1023 3156 1186 3199 versemur
1212 3135 1247 3198 in
1276 3156 1310 3198 re

117 3235 264 3321 publica,
288 3238 325 3300 ut
340 3236 504 3301 credamus
520 3258 588 3302 esse
609 3259 676 3301 rem
691 3236 865 3321 publicam,
889 3259 955 3300 non
972 3236 1139 3302 consilium
1153 3239 1308 3320 nostrum,

80 3357 105 3397 ao
118 3360 186 3403 non
208 3360 338 3422 operam
360 3338 603 3421 subtrahamus,
631 3361 691 3404 nec
714 3339 882 3403 defunctos
904 3359 963 3402 nos
996 3341 1029 3403 et
1051 3340 1142 3423 quasi
1163 3340 1310 3404 dimissos

118 3439 301 3524 consulatu,
331 3440 386 3505 sed
414 3440 504 3525 quasi
532 3441 702 3506 adstrictos
730 3444 763 3506 et
791 3440 956 3505 devinctos
985 3444 1134 3524 putemus
1163 3441 1310 3507 eundem-

123 3615 318 3626 ...-.-..----.

188 3738 200 3785 1
220 3735 365 3801 praeuenit
383 3733 567 3800 aspernanti
584 3734 631 3783 AB
651 3747 704 3797 que
721 3733 801 3784 uenit
818 3733 836 3780 d
954 3733 971 3782 4
993 3737 1084 3783 lacuna
1103 3749 1175 3799 quum
1200 3734 1312 3784 indicavi

119 3805 243 3869 quaedum
261 3804 349 3870 quibus
367 3805 447 3867 ipsum
468 3803 604 3852 Traianum
622 3818 651 3852 ec
670 3818 737 3853 anno
755 3804 880 3852 consulem
895 3801 993 3865 fuisse,
1011 3804 1078 3852 velut
1096 3816 1149 3865 quo
1166 3801 1226 3866 ipsa
1245 3817 1309 3851 con·

118 3872 240 3922 sulatum
258 3872 381 3938 gessisti,
400 3872 529 3921 excidisse
546 3873 672 3922 videntur.
701 3869 818 3920 eundem
839 3869 869 3918 in
887 3884 988 3919 annum
1008 3869 1169 3919 consulatus
1188 3869 1229 3918 tui
1248 3885 1310 3919 con·

118 3940 237 3992 sulatum
254 3945 377 3992 nostrum
396 3938 540 3990 contulisti
558 3938 702 4003 Onuplrrtas
718 3939 857 3989 Punvinius
872 3938 936 4001 fast.
955 3938 974 3987 I
988 3955 1015 4001 p.
1034 3941 1049 3986 7
1128 3941 1275 3988 51111111.
1294 3938 1310 4002 β

187 4024 267 4074 quam
287 4010 357 4074 q'uae
376 4014 403 4058 te
423 4025 457 4059 ex
475 4010 562 4058 codice
580 4008 701 4058 Parisino
720 4007 879 4057 Sctwurzr'us
982 4009 997 4057 6
1015 4004 1215 4070 praescriberis
1235 4006 1310 4056 Cata·

118 4093 197 4128 naeus
215 4078 395 4143 perscriberis
412 4078 481 4127 ABd
550 4070 753 4142 9declarator]
774 4075 917 4126 delatorb
986 4075 1018 4124 10
1036 4069 1105 4140 iam]
1125 4089 1189 4123 narn
1206 4074 1277 4122 Aru

118 4145 190 4210 quod
208 4146 235 4195 ei
252 4161 302 4196 nos
320 4145 490 4211 potissimum
518 4145 607 4194 mensi
630 4144 789 4194 Schwarzr'us
817 4142 888 4207 qnod
915 4157 962 4193 eos
988 4143 1159 4207 potissimum
1186 4143 1310 4192 mensiB

117 4213 189 4278 quod
209 4213 236 4263 ci
253 4213 425 4278 potissimum
443 4213 531 4262 mensi
542 4211 587 4261 Ar
605 4212 678 4277 quod
697 4227 758 4262 eum
775 4211 947 4277 potissimum
960 4224 1081 4260 mensem
1100 4221 1116 4266 ς
1169 4211 1200 4261 15
1218 4211 1311 4260 omina

116 4283 161 4336 Δς
180 4281 273 4333 omnia
290 4282 333 4331 Bd
402 4283 433 4331 16
453 4297 486 4330 ex
503 4285 621 4346 utraque
639 4285 717 4344 parte
735 4281 757 4329 Δ
842 4280 875 4330 25
898 4278 993 4344 quales
1010 4278 1074 4328 aar
1091 4277 1172 4342 quale
1189 4295 1258 4329 corr.
1277 4281 1311 4329 al.

115 4366 182 4400 man.
203 4347 300 4414 quales
317 4351 339 4399 Δ
408 4351 440 4399 26
459 4348 512 4400 nisi
530 4350 652 4400 tarnend
674 4350 800 4399 eteoclem
820 4349 930 4398 Lirineii
945 4348 1000 4397 nisi
1017 4352 1075 4397 tum
1092 4348 1112 4396 B
1130 4347 1186 4396 nisi
1203 4351 1310 4397 tantum

116 4419 160 4474 Δς
213 4419 246 4468 19
264 4421 295 4466 11
313 4417 457 4467 credamur
475 4432 535 4469 esse
554 4434 610 4468 rem
628 4416 767 4483 publicam
786 4423 832 4469 om.
850 4415 908 4476 Au,
927 4417 986 4466 add.
1006 4415 1048 4471 ss
1099 4418 1132 4466 30
1150 4412 1309 4482 1111111111]

122 4486 276 4537 disiunctos
294 4497 311 4541 ς
330 4484 473 4537 deiunctos
492 4487 640 4537 Duetnerus
708 4484 837 4535 dimissos
855 4483 964 4535 usar
982 4483 1155 4535 demissos&
