<?xml version="1.0" encoding="UTF-8"?>
<!DOCTYPE html PUBLIC "-//W3C//DTD XHTML 1.0 Transitional//EN"
    "http://www.w3.org/TR/xhtml1/DTD/xhtml1-transitional.dtd">
<html xmlns="http://www.w3.org/1999/xhtml" xml:lang="en" lang="en">
 <head>
  <title>
</title>
<meta http-equiv="Content-Type" content="text/html;charset=utf-8" />
  <meta name='ocr-system' content='tesseract 3.04.00' />
  <meta name='ocr-capabilities' content='ocr_page ocr_carea ocr_par ocr_line ocrx_word'/>
</head>
<body>
  <div class='ocr_page' id='page_1' title='image "./cplinicaecilise03plingoog_0327.png"; bbox 0 0 3024 5062; ppageno 0'>
   <div class='ocr_carea' id='block_1_1' title="bbox 630 290 1016 338">
    <p class='ocr_par' dir='ltr' id='par_1_1' title="bbox 630 290 1016 338">
     <span class='ocr_line' id='line_1_1' title="bbox 630 290 1016 338; baseline -0.003 0"><span class='ocrx_word' id='word_1_1' title='bbox 630 290 660 338; x_wconf 83' lang='grc' dir='ltr'><strong>Ο.</strong></span> <span class='ocrx_word' id='word_1_2' title='bbox 683 291 780 338; x_wconf 84' lang='lat' dir='ltr'>PLINI</span> <span class='ocrx_word' id='word_1_3' title='bbox 803 292 847 338; x_wconf 87' lang='lat' dir='ltr'><strong>ET</strong></span> <span class='ocrx_word' id='word_1_4' title='bbox 871 290 1016 338; x_wconf 81' lang='lat' dir='ltr'>TRAIANI</span> 
     </span>
    </p>
   </div>
   <div class='ocr_carea' id='block_1_2' title="bbox 507 505 1131 703">
    <p class='ocr_par' dir='ltr' id='par_1_2' title="bbox 507 505 1131 703">
     <span class='ocr_line' id='line_1_2' title="bbox 681 505 1033 617; baseline -0.006 -24"><span class='ocrx_word' id='word_1_5' title='bbox 681 528 739 593; x_wconf 88' lang='lat' dir='ltr'><strong>XI.</strong></span> <span class='ocrx_word' id='word_1_6' title='bbox 764 529 847 617; x_wconf 84' lang='lat' dir='ltr'>[VL]</span> <span class='ocrx_word' id='word_1_7' title='bbox 872 539 907 606; x_wconf 81' lang='lat' dir='ltr'><strong>(a.</strong></span> <span class='ocrx_word' id='word_1_8' title='bbox 923 539 966 606; x_wconf 81' lang='lat' dir='ltr'><strong>oa)</strong></span> <span class='ocrx_word' id='word_1_9' title='bbox 1030 505 1033 511; x_wconf 55' lang='grc'>’</span> 
     </span>
     <span class='ocr_line' id='line_1_3' title="bbox 507 649 1131 703; baseline 0.003 -5"><span class='ocrx_word' id='word_1_10' title='bbox 507 649 536 703; x_wconf 85' lang='lat' dir='ltr'><strong>o,</strong></span> <span class='ocrx_word' id='word_1_11' title='bbox 553 650 700 702; x_wconf 76' lang='lat' dir='ltr'><strong>Parmos</strong></span> <span class='ocrx_word' id='word_1_12' title='bbox 719 650 881 702; x_wconf 69' lang='lat' dir='ltr'><strong>rhamno</strong></span> <span class='ocrx_word' id='word_1_13' title='bbox 900 649 1131 702; x_wconf 75' lang='lat' dir='ltr'><strong>Iursalroar</strong></span> 
     </span>
    </p>
   </div>
   <div class='ocr_carea' id='block_1_3' title="bbox 197 759 1464 1663">
    <p class='ocr_par' dir='ltr' id='par_1_3' title="bbox 197 759 1464 1562">
     <span class='ocr_line' id='line_1_4' title="bbox 201 759 1423 855; baseline 0 -25"><span class='ocrx_word' id='word_1_14' title='bbox 201 759 216 821; x_wconf 87' lang='lat' dir='ltr'><strong>l</strong></span> <span class='ocrx_word' id='word_1_15' title='bbox 312 766 462 830; x_wconf 89' lang='lat' dir='ltr'><strong>Proxima</strong></span> <span class='ocrx_word' id='word_1_16' title='bbox 483 766 655 830; x_wconf 83' lang='lat' dir='ltr'><strong>infirmitas</strong></span> <span class='ocrx_word' id='word_1_17' title='bbox 670 788 752 850; x_wconf 88' lang='lat' dir='ltr'><strong>mea,</strong></span> <span class='ocrx_word' id='word_1_18' title='bbox 777 766 914 849; x_wconf 90' lang='lat' dir='ltr'><strong>domine,</strong></span> <span class='ocrx_word' id='word_1_19' title='bbox 937 765 1095 850; x_wconf 87' lang='lat' dir='ltr'><strong>obligarit</strong></span> <span class='ocrx_word' id='word_1_20' title='bbox 1108 786 1159 829; x_wconf 87' lang='lat' dir='ltr'><strong>me</strong></span> <span class='ocrx_word' id='word_1_21' title='bbox 1173 764 1340 855; x_wconf 90' lang='lat' dir='ltr'><strong>Postumio</strong></span> <span class='ocrx_word' id='word_1_22' title='bbox 1354 766 1423 830; x_wconf 90' lang='lat' dir='ltr'><strong>Ma-</strong></span> 
     </span>
     <span class='ocr_line' id='line_1_5' title="bbox 227 866 1424 953; baseline 0.002 -23"><span class='ocrx_word' id='word_1_23' title='bbox 227 869 298 932; x_wconf 92' lang='lat' dir='ltr'><strong>rino</strong></span> <span class='ocrx_word' id='word_1_24' title='bbox 319 869 451 947; x_wconf 88' lang='lat' dir='ltr'><strong>medico,</strong></span> <span class='ocrx_word' id='word_1_25' title='bbox 482 868 532 932; x_wconf 93' lang='lat' dir='ltr'><strong>cui</strong></span> <span class='ocrx_word' id='word_1_26' title='bbox 554 889 666 951; x_wconf 89' lang='lat' dir='ltr'><strong>parem</strong></span> <span class='ocrx_word' id='word_1_27' title='bbox 687 867 826 952; x_wconf 79' lang='lat' dir='ltr'><strong>gratiam</strong></span> <span class='ocrx_word' id='word_1_28' title='bbox 848 867 967 931; x_wconf 88' lang='lat' dir='ltr'><strong>referre</strong></span> <span class='ocrx_word' id='word_1_29' title='bbox 982 866 1139 931; x_wconf 88' lang='lat' dir='ltr'><strong>beneficio</strong></span> <span class='ocrx_word' id='word_1_30' title='bbox 1160 869 1216 931; x_wconf 89' lang='lat' dir='ltr'><strong>tuo</strong></span> <span class='ocrx_word' id='word_1_31' title='bbox 1230 888 1372 953; x_wconf 86' lang='lat' dir='ltr'><strong>possum,</strong></span> <span class='ocrx_word' id='word_1_32' title='bbox 1395 869 1424 933; x_wconf 93' lang='lat' dir='ltr'><strong>si</strong></span> 
     </span>
     <span class='ocr_line' id='line_1_6' title="bbox 197 963 1452 1054; baseline 0.002 -22"><span class='ocrx_word' id='word_1_33' title='bbox 197 963 376 1052; x_wconf 79' lang='lat' dir='ltr'><strong>2precibus</strong></span> <span class='ocrx_word' id='word_1_34' title='bbox 403 970 483 1033; x_wconf 90' lang='lat' dir='ltr'><strong>meis</strong></span> <span class='ocrx_word' id='word_1_35' title='bbox 514 990 552 1032; x_wconf 86' lang='lat' dir='ltr'><strong>cx</strong></span> <span class='ocrx_word' id='word_1_36' title='bbox 581 968 811 1033; x_wconf 87' lang='lat' dir='ltr'><strong>consuetudine</strong></span> <span class='ocrx_word' id='word_1_37' title='bbox 838 968 992 1033; x_wconf 89' lang='lat' dir='ltr'><strong>bonitatis</strong></span> <span class='ocrx_word' id='word_1_38' title='bbox 1020 971 1095 1032; x_wconf 89' lang='lat' dir='ltr'><strong>tuae</strong></span> <span class='ocrx_word' id='word_1_39' title='bbox 1122 967 1302 1033; x_wconf 87' lang='lat' dir='ltr'><strong>indulseris.</strong></span> <span class='ocrx_word' id='word_1_40' title='bbox 1344 983 1452 1054; x_wconf 78' lang='lat' dir='ltr'><strong>rog0⁵</strong></span> 
     </span>
     <span class='ocr_line' id='line_1_7' title="bbox 227 1069 1425 1155; baseline 0.002 -21"><span class='ocrx_word' id='word_1_41' title='bbox 227 1092 304 1154; x_wconf 88' lang='lat' dir='ltr'><strong>ergo</strong></span> <span class='ocrx_word' id='word_1_42' title='bbox 331 1076 373 1135; x_wconf 86' lang='lat' dir='ltr'><strong>ut</strong></span> <span class='ocrx_word' id='word_1_43' title='bbox 399 1071 586 1155; x_wconf 87' lang='lat' dir='ltr'>propinquis</span> <span class='ocrx_word' id='word_1_44' title='bbox 620 1071 687 1141; x_wconf 91' lang='lat' dir='ltr'><strong>eius</strong></span> <span class='ocrx_word' id='word_1_45' title='bbox 716 1071 771 1135; x_wconf 89' lang='lat' dir='ltr'><strong>des</strong></span> <span class='ocrx_word' id='word_1_46' title='bbox 799 1071 979 1154; x_wconf 88' lang='lat' dir='ltr'><strong>civitatem,</strong></span> <span class='ocrx_word' id='word_1_47' title='bbox 1015 1069 1194 1154; x_wconf 78' lang='lat' dir='ltr'>Chrysippo</span> <span class='ocrx_word' id='word_1_48' title='bbox 1221 1069 1425 1136; x_wconf 85' lang='lat' dir='ltr'><strong>Mithridatis</strong></span> 
     </span>
     <span class='ocr_line' id='line_1_8' title="bbox 226 1171 1425 1258; baseline 0.001 -22"><span class='ocrx_word' id='word_1_49' title='bbox 226 1173 379 1257; x_wconf 85' lang='lat' dir='ltr'>uxorique</span> <span class='ocrx_word' id='word_1_50' title='bbox 402 1171 584 1258; x_wconf 74' lang='lat' dir='ltr'><strong>Chrysippi,</strong></span> <span class='ocrx_word' id='word_1_51' title='bbox 609 1172 811 1237; x_wconf 72' lang='lat' dir='ltr'>Stratonicae</span> <span class='ocrx_word' id='word_1_52' title='bbox 839 1172 998 1257; x_wconf 79' lang='lat' dir='ltr'><strong>Epigoni,</strong></span> <span class='ocrx_word' id='word_1_53' title='bbox 1031 1172 1110 1236; x_wconf 92' lang='lat' dir='ltr'><strong>item</strong></span> <span class='ocrx_word' id='word_1_54' title='bbox 1137 1171 1247 1236; x_wconf 86' lang='lat' dir='ltr'><strong>liberis</strong></span> <span class='ocrx_word' id='word_1_55' title='bbox 1281 1173 1425 1257; x_wconf 87' lang='lat' dir='ltr'><strong>eiusdem</strong></span> 
     </span>
     <span class='ocr_line' id='line_1_9' title="bbox 227 1272 1426 1358; baseline 0.001 -20"><span class='ocrx_word' id='word_1_56' title='bbox 227 1273 414 1358; x_wconf 79' lang='lat' dir='ltr'><strong>Chrysippi,</strong></span> <span class='ocrx_word' id='word_1_57' title='bbox 437 1272 588 1358; x_wconf 78' lang='lat' dir='ltr'><strong>Epigono</strong></span> <span class='ocrx_word' id='word_1_58' title='bbox 611 1277 644 1338; x_wconf 89' lang='lat' dir='ltr'><strong>et</strong></span> <span class='ocrx_word' id='word_1_59' title='bbox 658 1273 859 1358; x_wconf 76' lang='lat' dir='ltr'><strong>Mithridati,</strong></span> <span class='ocrx_word' id='word_1_60' title='bbox 881 1274 929 1338; x_wconf 86' lang='lat' dir='ltr'><strong>ita</strong></span> <span class='ocrx_word' id='word_1_61' title='bbox 950 1276 987 1337; x_wconf 93' lang='lat' dir='ltr'><strong>ut</strong></span> <span class='ocrx_word' id='word_1_62' title='bbox 1010 1273 1076 1338; x_wconf 89' lang='lat' dir='ltr'><strong>sint</strong></span> <span class='ocrx_word' id='word_1_63' title='bbox 1096 1274 1132 1338; x_wconf 91' lang='lat' dir='ltr'><strong>in</strong></span> <span class='ocrx_word' id='word_1_64' title='bbox 1146 1273 1249 1357; x_wconf 89' lang='lat' dir='ltr'><strong>patris</strong></span> <span class='ocrx_word' id='word_1_65' title='bbox 1263 1277 1426 1356; x_wconf 70' lang='lat' dir='ltr'><strong>potestate</strong></span> 
     </span>
     <span class='ocr_line' id='line_1_10' title="bbox 225 1375 1426 1460; baseline 0 -21"><span class='ocrx_word' id='word_1_66' title='bbox 225 1379 323 1460; x_wconf 88' lang='lat' dir='ltr'><strong>utque</strong></span> <span class='ocrx_word' id='word_1_67' title='bbox 345 1376 385 1439; x_wconf 90' lang='lat' dir='ltr'><strong>iis</strong></span> <span class='ocrx_word' id='word_1_68' title='bbox 412 1377 445 1439; x_wconf 93' lang='lat' dir='ltr'><strong>in</strong></span> <span class='ocrx_word' id='word_1_69' title='bbox 468 1375 600 1439; x_wconf 88' lang='lat' dir='ltr'><strong>libertos</strong></span> <span class='ocrx_word' id='word_1_70' title='bbox 622 1379 767 1440; x_wconf 88' lang='lat' dir='ltr'><strong>servetur</strong></span> <span class='ocrx_word' id='word_1_71' title='bbox 790 1377 840 1439; x_wconf 90' lang='lat' dir='ltr'><strong>ius</strong></span> <span class='ocrx_word' id='word_1_72' title='bbox 862 1378 1080 1458; x_wconf 88' lang='lat' dir='ltr'><strong>patronorum.</strong></span> <span class='ocrx_word' id='word_1_73' title='bbox 1116 1376 1195 1439; x_wconf 92' lang='lat' dir='ltr'><strong>item</strong></span> <span class='ocrx_word' id='word_1_74' title='bbox 1216 1396 1296 1459; x_wconf 88' lang='lat' dir='ltr'><strong>rogo</strong></span> <span class='ocrx_word' id='word_1_75' title='bbox 1318 1375 1426 1440; x_wconf 92' lang='lat' dir='ltr'><strong>indul-</strong></span> 
     </span>
     <span class='ocr_line' id='line_1_11' title="bbox 226 1475 1464 1562; baseline 0 -21"><span class='ocrx_word' id='word_1_76' title='bbox 226 1499 304 1562; x_wconf 88' lang='lat' dir='ltr'><strong>geas</strong></span> <span class='ocrx_word' id='word_1_77' title='bbox 325 1477 375 1541; x_wconf 89' lang='lat' dir='ltr'><strong>ius</strong></span> <span class='ocrx_word' id='word_1_78' title='bbox 397 1475 569 1552; x_wconf 79' lang='lat' dir='ltr'><strong>Quiritium</strong></span> <span class='ocrx_word' id='word_1_79' title='bbox 591 1477 628 1540; x_wconf 90' lang='lat' dir='ltr'><strong>L.</strong></span> <span class='ocrx_word' id='word_1_80' title='bbox 653 1476 760 1542; x_wconf 82' lang='lat' dir='ltr'><strong>Satrio</strong></span> <span class='ocrx_word' id='word_1_81' title='bbox 781 1477 968 1542; x_wconf 80' lang='lat' dir='ltr'><strong>Abascanto</strong></span> <span class='ocrx_word' id='word_1_82' title='bbox 991 1479 1023 1540; x_wconf 99' lang='grc' dir='ltr'><strong>εὴ</strong></span> <span class='ocrx_word' id='word_1_83' title='bbox 1045 1477 1082 1541; x_wconf 90' lang='lat' dir='ltr'><strong>P.</strong></span> <span class='ocrx_word' id='word_1_84' title='bbox 1099 1475 1211 1541; x_wconf 75' lang='lat' dir='ltr'><strong>(laesio</strong></span> <span class='ocrx_word' id='word_1_85' title='bbox 1233 1475 1426 1562; x_wconf 88' lang='lat' dir='ltr'><strong>Phosphoro</strong></span> <span class='ocrx_word' id='word_1_86' title='bbox 1441 1494 1464 1532; x_wconf 83' lang='lat'><strong>10</strong></span> 
     </span>
    </p>

    <p class='ocr_par' dir='ltr' id='par_1_4' title="bbox 226 1577 1337 1663">
     <span class='ocr_line' id='line_1_12' title="bbox 226 1577 1337 1663; baseline 0.002 -22"><span class='ocrx_word' id='word_1_87' title='bbox 226 1581 258 1642; x_wconf 88' lang='lat' dir='ltr'><strong>et</strong></span> <span class='ocrx_word' id='word_1_88' title='bbox 279 1578 479 1643; x_wconf 80' lang='lat' dir='ltr'><strong>Panchariae</strong></span> <span class='ocrx_word' id='word_1_89' title='bbox 503 1577 657 1663; x_wconf 81' lang='lat' dir='ltr'><strong>Soteridi,</strong></span> <span class='ocrx_word' id='word_1_90' title='bbox 680 1578 763 1663; x_wconf 90' lang='lat' dir='ltr'><strong>quod</strong></span> <span class='ocrx_word' id='word_1_91' title='bbox 785 1601 805 1643; x_wconf 90' lang='lat' dir='ltr'><strong>a</strong></span> <span class='ocrx_word' id='word_1_92' title='bbox 825 1581 859 1642; x_wconf 89' lang='lat' dir='ltr'><strong>te</strong></span> <span class='ocrx_word' id='word_1_93' title='bbox 881 1578 1061 1643; x_wconf 88' lang='lat' dir='ltr'><strong>volentibus</strong></span> <span class='ocrx_word' id='word_1_94' title='bbox 1082 1578 1228 1662; x_wconf 87' lang='lat' dir='ltr'><strong>patronis</strong></span> <span class='ocrx_word' id='word_1_95' title='bbox 1250 1581 1337 1662; x_wconf 85' lang='lat' dir='ltr'><strong>peto.</strong></span> 
     </span>
    </p>
   </div>
   <div class='ocr_carea' id='block_1_4' title="bbox 721 1746 920 1836">
    <p class='ocr_par' dir='ltr' id='par_1_5' title="bbox 721 1746 920 1836">
     <span class='ocr_line' id='line_1_13' title="bbox 721 1746 920 1836; baseline 0 -24"><span class='ocrx_word' id='word_1_96' title='bbox 721 1748 795 1813; x_wconf 77' lang='grc' dir='ltr'><strong>ΧΠ.</strong></span> <span class='ocrx_word' id='word_1_97' title='bbox 822 1746 920 1836; x_wconf 72' lang='lat' dir='ltr'><strong>[tua]</strong></span> 
     </span>
    </p>
   </div>
   <div class='ocr_carea' id='block_1_5' title="bbox 504 1868 1128 1923">
    <p class='ocr_par' dir='ltr' id='par_1_6' title="bbox 504 1868 1128 1923">
     <span class='ocr_line' id='line_1_14' title="bbox 504 1868 1128 1923; baseline 0 -2"><span class='ocrx_word' id='word_1_98' title='bbox 504 1871 533 1921; x_wconf 80' lang='lat'><strong>0.</strong></span> <span class='ocrx_word' id='word_1_99' title='bbox 552 1871 700 1923; x_wconf 87' lang='lat' dir='ltr'>PLINIUS</span> <span class='ocrx_word' id='word_1_100' title='bbox 719 1869 881 1922; x_wconf 80' lang='lat' dir='ltr'>TRAIANO</span> <span class='ocrx_word' id='word_1_101' title='bbox 899 1868 1128 1921; x_wconf 85' lang='lat' dir='ltr'>IMPERATORI</span> 
     </span>
    </p>
   </div>
   <div class='ocr_carea' id='block_1_6' title="bbox 198 1979 1464 2579">
    <p class='ocr_par' dir='ltr' id='par_1_7' title="bbox 198 1979 1464 2579">
     <span class='ocr_line' id='line_1_15' title="bbox 198 1979 1426 2096; baseline 0.002 -46"><span class='ocrx_word' id='word_1_102' title='bbox 198 1979 212 2039; x_wconf 89' lang='lat' dir='ltr'><strong>l</strong></span> <span class='ocrx_word' id='word_1_103' title='bbox 310 1984 392 2067; x_wconf 80' lang='lat' dir='ltr'><strong>Scio,</strong></span> <span class='ocrx_word' id='word_1_104' title='bbox 414 1985 552 2070; x_wconf 87' lang='lat' dir='ltr'><strong>domine,</strong></span> <span class='ocrx_word' id='word_1_105' title='bbox 568 1987 740 2050; x_wconf 89' lang='lat' dir='ltr'><strong>memoriae</strong></span> <span class='ocrx_word' id='word_1_106' title='bbox 754 1989 838 2069; x_wconf 88' lang='lat' dir='ltr'><strong>tuac,</strong></span> <span class='ocrx_word' id='word_1_107' title='bbox 862 2007 952 2096; x_wconf 56' lang='lat' dir='ltr'><strong>quae·</strong></span> <span class='ocrx_word' id='word_1_108' title='bbox 958 1988 1007 2049; x_wconf 92' lang='lat' dir='ltr'><strong>est</strong></span> <span class='ocrx_word' id='word_1_109' title='bbox 1021 1986 1103 2055; x_wconf 88' lang='lat' dir='ltr'><strong>bene</strong></span> <span class='ocrx_word' id='word_1_110' title='bbox 1117 1985 1261 2050; x_wconf 87' lang='lat' dir='ltr'><strong>faciendi</strong></span> <span class='ocrx_word' id='word_1_111' title='bbox 1281 1988 1426 2052; x_wconf 89' lang='lat' dir='ltr'><strong>tenacis-</strong></span> 
     </span>
     <span class='ocr_line' id='line_1_16' title="bbox 226 2087 1464 2174; baseline 0.003 -24"><span class='ocrx_word' id='word_1_112' title='bbox 226 2088 321 2170; x_wconf 90' lang='lat' dir='ltr'><strong>sima,</strong></span> <span class='ocrx_word' id='word_1_113' title='bbox 350 2109 460 2171; x_wconf 88' lang='lat' dir='ltr'><strong>preces</strong></span> <span class='ocrx_word' id='word_1_114' title='bbox 482 2091 609 2152; x_wconf 90' lang='lat' dir='ltr'><strong>nostras</strong></span> <span class='ocrx_word' id='word_1_115' title='bbox 637 2087 815 2153; x_wconf 86' lang='lat' dir='ltr'><strong>inhaerere.</strong></span> <span class='ocrx_word' id='word_1_116' title='bbox 856 2088 930 2171; x_wconf 91' lang='lat' dir='ltr'><strong>quia</strong></span> <span class='ocrx_word' id='word_1_117' title='bbox 951 2089 1119 2170; x_wconf 74' lang='lat' dir='ltr'><strong>tamenin</strong></span> <span class='ocrx_word' id='word_1_118' title='bbox 1141 2087 1203 2152; x_wconf 91' lang='lat' dir='ltr'><strong>hoc</strong></span> <span class='ocrx_word' id='word_1_119' title='bbox 1225 2110 1352 2174; x_wconf 89' lang='lat' dir='ltr'><strong>quoque</strong></span> <span class='ocrx_word' id='word_1_120' title='bbox 1374 2091 1464 2154; x_wconf 78' lang='lat' dir='ltr'><strong>in-15</strong></span> 
     </span>
     <span class='ocr_line' id='line_1_17' title="bbox 226 2187 1425 2275; baseline 0.004 -24"><span class='ocrx_word' id='word_1_121' title='bbox 226 2187 363 2272; x_wconf 89' lang='lat' dir='ltr'><strong>dulsisti,</strong></span> <span class='ocrx_word' id='word_1_122' title='bbox 388 2189 543 2253; x_wconf 89' lang='lat' dir='ltr'><strong>admoneo</strong></span> <span class='ocrx_word' id='word_1_123' title='bbox 559 2189 653 2253; x_wconf 89' lang='lat' dir='ltr'><strong>simul</strong></span> <span class='ocrx_word' id='word_1_124' title='bbox 676 2192 709 2253; x_wconf 89' lang='lat' dir='ltr'><strong>et</strong></span> <span class='ocrx_word' id='word_1_125' title='bbox 729 2190 874 2273; x_wconf 89' lang='lat' dir='ltr'><strong>impense</strong></span> <span class='ocrx_word' id='word_1_126' title='bbox 888 2209 967 2274; x_wconf 87' lang='lat' dir='ltr'><strong>rogo</strong></span> <span class='ocrx_word' id='word_1_127' title='bbox 990 2191 1026 2253; x_wconf 91' lang='lat' dir='ltr'><strong>ut</strong></span> <span class='ocrx_word' id='word_1_128' title='bbox 1040 2189 1174 2253; x_wconf 81' lang='lat' dir='ltr'><strong>Accium</strong></span> <span class='ocrx_word' id='word_1_129' title='bbox 1189 2188 1305 2255; x_wconf 84' lang='lat' dir='ltr'><strong>Suram</strong></span> <span class='ocrx_word' id='word_1_130' title='bbox 1330 2213 1425 2275; x_wconf 88' lang='lat' dir='ltr'><strong>prae·</strong></span> 
     </span>
     <span class='ocr_line' id='line_1_18' title="bbox 224 2290 1424 2378; baseline 0.004 -25"><span class='ocrx_word' id='word_1_131' title='bbox 224 2294 296 2353; x_wconf 91' lang='lat' dir='ltr'><strong>tura</strong></span> <span class='ocrx_word' id='word_1_132' title='bbox 320 2311 472 2354; x_wconf 88' lang='lat' dir='ltr'><strong>exornare</strong></span> <span class='ocrx_word' id='word_1_133' title='bbox 487 2290 647 2374; x_wconf 90' lang='lat' dir='ltr'><strong>digneris,</strong></span> <span class='ocrx_word' id='word_1_134' title='bbox 672 2313 744 2355; x_wconf 92' lang='lat' dir='ltr'><strong>cum</strong></span> <span class='ocrx_word' id='word_1_135' title='bbox 765 2290 854 2355; x_wconf 88' lang='lat' dir='ltr'><strong>locus</strong></span> <span class='ocrx_word' id='word_1_136' title='bbox 869 2293 972 2355; x_wconf 84' lang='lat' dir='ltr'><strong>vacet.</strong></span> <span class='ocrx_word' id='word_1_137' title='bbox 1007 2290 1047 2354; x_wconf 91' lang='lat' dir='ltr'><strong>ad</strong></span> <span class='ocrx_word' id='word_1_138' title='bbox 1069 2311 1165 2374; x_wconf 89' lang='lat' dir='ltr'><strong>quam</strong></span> <span class='ocrx_word' id='word_1_139' title='bbox 1187 2313 1277 2376; x_wconf 85' lang='lat' dir='ltr'><strong>spem</strong></span> <span class='ocrx_word' id='word_1_140' title='bbox 1301 2292 1424 2378; x_wconf 90' lang='lat' dir='ltr'><strong>alioqui</strong></span> 
     </span>
     <span class='ocr_line' id='line_1_19' title="bbox 225 2391 1425 2479; baseline 0.004 -25"><span class='ocrx_word' id='word_1_141' title='bbox 225 2391 456 2475; x_wconf 89' lang='lat' dir='ltr'><strong>quietissimum</strong></span> <span class='ocrx_word' id='word_1_142' title='bbox 479 2391 627 2456; x_wconf 85' lang='lat' dir='ltr'><strong>hortatur</strong></span> <span class='ocrx_word' id='word_1_143' title='bbox 648 2395 681 2456; x_wconf 89' lang='lat' dir='ltr'><strong>et</strong></span> <span class='ocrx_word' id='word_1_144' title='bbox 695 2392 852 2456; x_wconf 86' lang='lat' dir='ltr'><strong>natalium</strong></span> <span class='ocrx_word' id='word_1_145' title='bbox 875 2392 1025 2477; x_wconf 87' lang='lat' dir='ltr'><strong>splendor</strong></span> <span class='ocrx_word' id='word_1_146' title='bbox 1047 2395 1080 2456; x_wconf 86' lang='lat' dir='ltr'><strong>ct</strong></span> <span class='ocrx_word' id='word_1_147' title='bbox 1102 2414 1225 2457; x_wconf 87' lang='lat' dir='ltr'><strong>summa</strong></span> <span class='ocrx_word' id='word_1_148' title='bbox 1246 2394 1425 2479; x_wconf 81' lang='lat' dir='ltr'><strong>integritas</strong></span> 
     </span>
     <span class='ocr_line' id='line_1_20' title="bbox 223 2493 1425 2579; baseline 0.006 -24"><span class='ocrx_word' id='word_1_149' title='bbox 223 2493 258 2555; x_wconf 92' lang='lat' dir='ltr'><strong>in</strong></span> <span class='ocrx_word' id='word_1_150' title='bbox 285 2495 475 2576; x_wconf 85' lang='lat' dir='ltr'><strong>paupertate</strong></span> <span class='ocrx_word' id='word_1_151' title='bbox 504 2496 536 2557; x_wconf 88' lang='lat' dir='ltr'><strong>et</strong></span> <span class='ocrx_word' id='word_1_152' title='bbox 565 2496 640 2557; x_wconf 88' lang='lat' dir='ltr'><strong>ante</strong></span> <span class='ocrx_word' id='word_1_153' title='bbox 668 2494 776 2557; x_wconf 90' lang='lat' dir='ltr'><strong>omnia</strong></span> <span class='ocrx_word' id='word_1_154' title='bbox 802 2493 942 2558; x_wconf 80' lang='lat' dir='ltr'><strong>felicitas</strong></span> <span class='ocrx_word' id='word_1_155' title='bbox 969 2497 1164 2578; x_wconf 89' lang='lat' dir='ltr'><strong>temporum,</strong></span> <span class='ocrx_word' id='word_1_156' title='bbox 1194 2516 1276 2579; x_wconf 88' lang='lat' dir='ltr'><strong>quae</strong></span> <span class='ocrx_word' id='word_1_157' title='bbox 1303 2496 1425 2562; x_wconf 87' lang='lat' dir='ltr'><strong>bonam</strong></span> 
     </span>
    </p>
   </div>
   <div class='ocr_carea' id='block_1_7' title="bbox 223 2593 1463 2760">
    <p class='ocr_par' dir='ltr' id='par_1_8' title="bbox 223 2593 1463 2760">
     <span class='ocr_line' id='line_1_21' title="bbox 226 2593 1463 2679; baseline -0.002 -21"><span class='ocrx_word' id='word_1_158' title='bbox 226 2595 455 2658; x_wconf 85' lang='lat' dir='ltr'><strong>conscientiam</strong></span> <span class='ocrx_word' id='word_1_159' title='bbox 471 2593 587 2658; x_wconf 85' lang='lat' dir='ltr'><strong>civium</strong></span> <span class='ocrx_word' id='word_1_160' title='bbox 608 2598 735 2658; x_wconf 89' lang='lat' dir='ltr'><strong>tuorum</strong></span> <span class='ocrx_word' id='word_1_161' title='bbox 759 2595 798 2658; x_wconf 89' lang='lat' dir='ltr'><strong>ad</strong></span> <span class='ocrx_word' id='word_1_162' title='bbox 815 2617 908 2659; x_wconf 90' lang='lat' dir='ltr'><strong>usum</strong></span> <span class='ocrx_word' id='word_1_163' title='bbox 929 2593 1153 2679; x_wconf 83' lang='lat' dir='ltr'><strong>indulgentiae</strong></span> <span class='ocrx_word' id='word_1_164' title='bbox 1174 2597 1250 2659; x_wconf 86' lang='lat' dir='ltr'><strong>tuae</strong></span> <span class='ocrx_word' id='word_1_165' title='bbox 1264 2601 1463 2679; x_wconf 72' lang='lat' dir='ltr'><strong>provocata</strong></span> 
     </span>
     <span class='ocr_line' id='line_1_22' title="bbox 223 2695 406 2760; baseline 0.011 -2"><span class='ocrx_word' id='word_1_166' title='bbox 223 2698 256 2759; x_wconf 90' lang='lat' dir='ltr'><strong>et</strong></span> <span class='ocrx_word' id='word_1_167' title='bbox 278 2695 406 2760; x_wconf 86' lang='lat' dir='ltr'><strong>attollit.</strong></span> 
     </span>
    </p>
   </div>
   <div class='ocr_carea' id='block_1_8' title="bbox 502 2863 1129 3040">
    <p class='ocr_par' dir='ltr' id='par_1_9' title="bbox 502 2863 1129 3040">
     <span class='ocr_line' id='line_1_23' title="bbox 598 2863 1046 2955; baseline -0.007 -25"><span class='ocrx_word' id='word_1_168' title='bbox 598 2865 689 2930; x_wconf 83' lang='lat' dir='ltr'>XIII.</span> <span class='ocrx_word' id='word_1_169' title='bbox 715 2863 830 2955; x_wconf 82' lang='lat' dir='ltr'>[VIII]</span> <span class='ocrx_word' id='word_1_170' title='bbox 855 2876 964 2943; x_wconf 78' lang='lat' dir='ltr'><strong>(a103.</strong></span> <span class='ocrx_word' id='word_1_171' title='bbox 987 2875 1046 2944; x_wconf 83' lang='lat'>104)</span> 
     </span>
     <span class='ocr_line' id='line_1_24' title="bbox 502 2986 1129 3040; baseline 0.002 -3"><span class='ocrx_word' id='word_1_172' title='bbox 502 2987 533 3037; x_wconf 91' lang='lat' dir='ltr'><strong>c.</strong></span> <span class='ocrx_word' id='word_1_173' title='bbox 552 2986 702 3040; x_wconf 71' lang='lat' dir='ltr'><strong>emarus</strong></span> <span class='ocrx_word' id='word_1_174' title='bbox 720 2987 883 3040; x_wconf 77' lang='lat' dir='ltr'><strong>rumano</strong></span> <span class='ocrx_word' id='word_1_175' title='bbox 900 2987 1129 3039; x_wconf 74' lang='lat' dir='ltr'><strong>rueaaaroal</strong></span> 
     </span>
    </p>
   </div>
   <div class='ocr_carea' id='block_1_9' title="bbox 222 3099 1506 3595">
    <p class='ocr_par' dir='ltr' id='par_1_10' title="bbox 222 3099 1506 3595">
     <span class='ocr_line' id='line_1_25' title="bbox 308 3099 1427 3187; baseline 0.005 -21"><span class='ocrx_word' id='word_1_176' title='bbox 308 3099 388 3166; x_wconf 79' lang='lat' dir='ltr'><strong>Cum</strong></span> <span class='ocrx_word' id='word_1_177' title='bbox 403 3101 518 3186; x_wconf 87' lang='lat' dir='ltr'><strong>sciam,</strong></span> <span class='ocrx_word' id='word_1_178' title='bbox 543 3102 685 3187; x_wconf 87' lang='lat' dir='ltr'><strong>domine,</strong></span> <span class='ocrx_word' id='word_1_179' title='bbox 702 3103 743 3166; x_wconf 88' lang='lat' dir='ltr'><strong>ad</strong></span> <span class='ocrx_word' id='word_1_180' title='bbox 757 3103 977 3184; x_wconf 87' lang='lat' dir='ltr'><strong>testimonium</strong></span> <span class='ocrx_word' id='word_1_181' title='bbox 991 3102 1179 3187; x_wconf 81' lang='lat' dir='ltr'><strong>laudemque</strong></span> <span class='ocrx_word' id='word_1_182' title='bbox 1192 3106 1427 3172; x_wconf 86' lang='lat' dir='ltr'><strong>morummeo-</strong></span> 
     </span>
     <span class='ocr_line' id='line_1_26' title="bbox 222 3203 1466 3292; baseline 0.008 -28"><span class='ocrx_word' id='word_1_183' title='bbox 222 3223 293 3264; x_wconf 86' lang='lat' dir='ltr'><strong>rum</strong></span> <span class='ocrx_word' id='word_1_184' title='bbox 307 3203 467 3286; x_wconf 90' lang='lat' dir='ltr'><strong>pertinere</strong></span> <span class='ocrx_word' id='word_1_185' title='bbox 489 3206 558 3266; x_wconf 86' lang='lat' dir='ltr'><strong>tam</strong></span> <span class='ocrx_word' id='word_1_186' title='bbox 571 3204 648 3268; x_wconf 91' lang='lat' dir='ltr'><strong>boni</strong></span> <span class='ocrx_word' id='word_1_187' title='bbox 670 3204 826 3289; x_wconf 91' lang='lat' dir='ltr'><strong>principis</strong></span> <span class='ocrx_word' id='word_1_188' title='bbox 840 3205 957 3269; x_wconf 88' lang='lat' dir='ltr'><strong>iudicio</strong></span> <span class='ocrx_word' id='word_1_189' title='bbox 972 3205 1136 3288; x_wconf 85' lang='lat' dir='ltr'><strong>exornari,</strong></span> <span class='ocrx_word' id='word_1_190' title='bbox 1158 3225 1239 3289; x_wconf 90' lang='lat' dir='ltr'><strong>rogo</strong></span> <span class='ocrx_word' id='word_1_191' title='bbox 1261 3207 1466 3292; x_wconf 74' lang='lat' dir='ltr'><strong>dignitatis</strong></span> 
     </span>
     <span class='ocr_line' id='line_1_27' title="bbox 223 3301 1506 3394; baseline 0.009 -29"><span class='ocrx_word' id='word_1_192' title='bbox 223 3302 264 3366; x_wconf 91' lang='lat' dir='ltr'><strong>ad</strong></span> <span class='ocrx_word' id='word_1_193' title='bbox 286 3325 381 3388; x_wconf 84' lang='lat' dir='ltr'><strong>quarn</strong></span> <span class='ocrx_word' id='word_1_194' title='bbox 403 3327 454 3369; x_wconf 90' lang='lat' dir='ltr'><strong>me</strong></span> <span class='ocrx_word' id='word_1_195' title='bbox 469 3305 616 3389; x_wconf 86' lang='lat' dir='ltr'><strong>prorexit</strong></span> <span class='ocrx_word' id='word_1_196' title='bbox 636 3306 840 3391; x_wconf 89' lang='lat' dir='ltr'><strong>indulgentia</strong></span> <span class='ocrx_word' id='word_1_197' title='bbox 860 3309 916 3370; x_wconf 88' lang='lat' dir='ltr'><strong>tua</strong></span> <span class='ocrx_word' id='word_1_198' title='bbox 928 3304 979 3370; x_wconf 85' lang='lat' dir='ltr'><strong>vel</strong></span> <span class='ocrx_word' id='word_1_199' title='bbox 1001 3310 1193 3392; x_wconf 86' lang='lat' dir='ltr'><strong>auguratum</strong></span> <span class='ocrx_word' id='word_1_200' title='bbox 1207 3307 1259 3372; x_wconf 84' lang='lat' dir='ltr'><strong>vol</strong></span> <span class='ocrx_word' id='word_1_201' title='bbox 1282 3312 1427 3394; x_wconf 88' lang='lat' dir='ltr'><strong>septem·</strong></span> <span class='ocrx_word' id='word_1_202' title='bbox 1503 3301 1506 3308; x_wconf 42' lang='lat'><strong>¹</strong></span> 
     </span>
     <span class='ocr_line' id='line_1_28' title="bbox 222 3405 1426 3496; baseline 0.007 -28"><span class='ocrx_word' id='word_1_203' title='bbox 222 3405 378 3490; x_wconf 85' lang='lat' dir='ltr'><strong>viratum,</strong></span> <span class='ocrx_word' id='word_1_204' title='bbox 402 3407 478 3490; x_wconf 90' lang='lat' dir='ltr'><strong>quia</strong></span> <span class='ocrx_word' id='word_1_205' title='bbox 499 3410 635 3491; x_wconf 85' lang='lat' dir='ltr'><strong>vacant,</strong></span> <span class='ocrx_word' id='word_1_206' title='bbox 665 3408 790 3471; x_wconf 86' lang='lat' dir='ltr'><strong>adicere</strong></span> <span class='ocrx_word' id='word_1_207' title='bbox 812 3408 972 3492; x_wconf 90' lang='lat' dir='ltr'><strong>digneris,</strong></span> <span class='ocrx_word' id='word_1_208' title='bbox 1004 3411 1041 3473; x_wconf 89' lang='lat' dir='ltr'><strong>ut</strong></span> <span class='ocrx_word' id='word_1_209' title='bbox 1062 3408 1132 3473; x_wconf 88' lang='lat' dir='ltr'><strong>iure</strong></span> <span class='ocrx_word' id='word_1_210' title='bbox 1153 3408 1328 3474; x_wconf 88' lang='lat' dir='ltr'><strong>sacerdotii</strong></span> <span class='ocrx_word' id='word_1_211' title='bbox 1352 3435 1426 3496; x_wconf 81' lang='lat' dir='ltr'><strong>pre</strong></span> 
     </span>
     <span class='ocr_line' id='line_1_29' title="bbox 223 3507 1423 3595; baseline 0.008 -26"><span class='ocrx_word' id='word_1_212' title='bbox 223 3507 289 3570; x_wconf 89' lang='lat' dir='ltr'><strong>cari</strong></span> <span class='ocrx_word' id='word_1_213' title='bbox 304 3508 379 3572; x_wconf 89' lang='lat' dir='ltr'><strong>deos</strong></span> <span class='ocrx_word' id='word_1_214' title='bbox 395 3529 453 3591; x_wconf 89' lang='lat' dir='ltr'><strong>pro</strong></span> <span class='ocrx_word' id='word_1_215' title='bbox 468 3515 501 3572; x_wconf 86' lang='lat' dir='ltr'><strong>te</strong></span> <span class='ocrx_word' id='word_1_216' title='bbox 515 3508 642 3593; x_wconf 90' lang='lat' dir='ltr'><strong>publice</strong></span> <span class='ocrx_word' id='word_1_217' title='bbox 658 3511 793 3594; x_wconf 90' lang='lat' dir='ltr'><strong>possim,</strong></span> <span class='ocrx_word' id='word_1_218' title='bbox 818 3531 897 3594; x_wconf 86' lang='lat' dir='ltr'><strong>quos</strong></span> <span class='ocrx_word' id='word_1_219' title='bbox 912 3531 998 3574; x_wconf 90' lang='lat' dir='ltr'><strong>nuno</strong></span> <span class='ocrx_word' id='word_1_220' title='bbox 1012 3532 1126 3595; x_wconf 87' lang='lat' dir='ltr'><strong>precor</strong></span> <span class='ocrx_word' id='word_1_221' title='bbox 1139 3511 1263 3595; x_wconf 79' lang='lat' dir='ltr'><strong>pictate</strong></span> <span class='ocrx_word' id='word_1_222' title='bbox 1278 3512 1423 3595; x_wconf 82' lang='lat' dir='ltr'><strong>privata.</strong></span> 
     </span>
    </p>
   </div>
   <div class='ocr_carea' id='block_1_10' title="bbox 498 3677 1460 3853">
    <p class='ocr_par' dir='ltr' id='par_1_11' title="bbox 498 3677 1460 3853">
     <span class='ocr_line' id='line_1_30' title="bbox 685 3677 950 3767; baseline 0.008 -24"><span class='ocrx_word' id='word_1_223' title='bbox 685 3678 793 3745; x_wconf 80' lang='lat' dir='ltr'><strong>nni.</strong></span> <span class='ocrx_word' id='word_1_224' title='bbox 819 3677 950 3767; x_wconf 78' lang='lat' dir='ltr'><strong>[vnn]</strong></span> 
     </span>
     <span class='ocr_line' id='line_1_31' title="bbox 498 3800 1460 3853; baseline -0.001 -2"><span class='ocrx_word' id='word_1_225' title='bbox 498 3800 528 3851; x_wconf 82' lang='lat' dir='ltr'><strong>O.</strong></span> <span class='ocrx_word' id='word_1_226' title='bbox 552 3800 701 3852; x_wconf 84' lang='lat' dir='ltr'>PLINIUS</span> <span class='ocrx_word' id='word_1_227' title='bbox 720 3800 882 3852; x_wconf 81' lang='lat' dir='ltr'>TRAIANO</span> <span class='ocrx_word' id='word_1_228' title='bbox 899 3800 1129 3853; x_wconf 83' lang='lat' dir='ltr'>IMPERATORI</span> <span class='ocrx_word' id='word_1_229' title='bbox 1436 3811 1460 3850; x_wconf 72' lang='lat' dir='ltr'><strong>to</strong></span> 
     </span>
    </p>
   </div>
   <div class='ocr_carea' id='block_1_11' title="bbox 224 3913 1423 4105">
    <p class='ocr_par' dir='ltr' id='par_1_12' title="bbox 224 3913 1423 4105">
     <span class='ocr_line' id='line_1_32' title="bbox 306 3913 1423 4000; baseline 0.008 -23"><span class='ocrx_word' id='word_1_230' title='bbox 306 3913 470 3978; x_wconf 86' lang='lat' dir='ltr'><strong>Victoriae</strong></span> <span class='ocrx_word' id='word_1_231' title='bbox 497 3918 591 3998; x_wconf 88' lang='lat' dir='ltr'><strong>tuae,</strong></span> <span class='ocrx_word' id='word_1_232' title='bbox 625 3916 744 4000; x_wconf 90' lang='lat' dir='ltr'><strong>optime</strong></span> <span class='ocrx_word' id='word_1_233' title='bbox 771 3916 960 4000; x_wconf 87' lang='lat' dir='ltr'><strong>imperator,</strong></span> <span class='ocrx_word' id='word_1_234' title='bbox 994 3916 1153 3981; x_wconf 84' lang='lat' dir='ltr'><strong>maximae</strong></span> <span class='ocrx_word' id='word_1_235' title='bbox 1178 3917 1423 4000; x_wconf 88' lang='lat' dir='ltr'><strong>pulcherrimae</strong></span> 
     </span>
     <span class='ocr_line' id='line_1_33' title="bbox 224 4015 1421 4105; baseline 0.01 -29"><span class='ocrx_word' id='word_1_236' title='bbox 224 4015 464 4098; x_wconf 86' lang='lat' dir='ltr'><strong>antiquissimae</strong></span> <span class='ocrx_word' id='word_1_237' title='bbox 487 4019 519 4081; x_wconf 89' lang='lat' dir='ltr'><strong>et</strong></span> <span class='ocrx_word' id='word_1_238' title='bbox 541 4020 597 4080; x_wconf 88' lang='lat' dir='ltr'><strong>tuo</strong></span> <span class='ocrx_word' id='word_1_239' title='bbox 614 4018 744 4082; x_wconf 89' lang='lat' dir='ltr'><strong>nomine</strong></span> <span class='ocrx_word' id='word_1_240' title='bbox 760 4020 793 4081; x_wconf 90' lang='lat' dir='ltr'><strong>et</strong></span> <span class='ocrx_word' id='word_1_241' title='bbox 814 4018 862 4082; x_wconf 90' lang='lat' dir='ltr'><strong>rei</strong></span> <span class='ocrx_word' id='word_1_242' title='bbox 882 4018 1029 4103; x_wconf 89' lang='lat' dir='ltr'><strong>publicae</strong></span> <span class='ocrx_word' id='word_1_243' title='bbox 1044 4017 1190 4104; x_wconf 90' lang='lat' dir='ltr'><strong>gratulor</strong></span> <span class='ocrx_word' id='word_1_244' title='bbox 1205 4017 1348 4105; x_wconf 89' lang='lat' dir='ltr'><strong>deosque</strong></span> <span class='ocrx_word' id='word_1_245' title='bbox 1363 4023 1421 4088; x_wconf 92' lang='lat' dir='ltr'><strong>im·</strong></span> 
     </span>
    </p>
   </div>
   <div class='ocr_carea' id='block_1_12' title="bbox 221 4204 1418 4610">
    <p class='ocr_par' dir='ltr' id='par_1_13' title="bbox 221 4204 1418 4328">
     <span class='ocr_line' id='line_1_34' title="bbox 289 4204 1418 4272; baseline 0.009 -20"><span class='ocrx_word' id='word_1_246' title='bbox 289 4204 328 4253; x_wconf 89' lang='lat' dir='ltr'><strong>XI</strong></span> <span class='ocrx_word' id='word_1_247' title='bbox 345 4205 449 4255; x_wconf 87' lang='lat' dir='ltr'><strong>Medici</strong></span> <span class='ocrx_word' id='word_1_248' title='bbox 468 4205 510 4255; x_wconf 89' lang='lat' dir='ltr'><strong>sui</strong></span> <span class='ocrx_word' id='word_1_249' title='bbox 527 4206 688 4271; x_wconf 89' lang='lat' dir='ltr'><strong>propinquis</strong></span> <span class='ocrx_word' id='word_1_250' title='bbox 710 4208 853 4258; x_wconf 85' lang='lat' dir='ltr'><strong>ciuitatem</strong></span> <span class='ocrx_word' id='word_1_251' title='bbox 875 4208 947 4272; x_wconf 87' lang='lat' dir='ltr'><strong>petit</strong></span> <span class='ocrx_word' id='word_1_252' title='bbox 964 4221 981 4255; x_wconf 84' lang='lat' dir='ltr'><strong>a</strong></span> <span class='ocrx_word' id='word_1_253' title='bbox 1083 4209 1280 4260; x_wconf 75' lang='lat' dir='ltr'><strong>dPosthumio</strong></span> <span class='ocrx_word' id='word_1_254' title='bbox 1298 4226 1316 4259; x_wconf 89' lang='lat' dir='ltr'><strong>a</strong></span> <span class='ocrx_word' id='word_1_255' title='bbox 1403 4214 1418 4262; x_wconf 84' lang='lat'><strong>6</strong></span> 
     </span>
     <span class='ocr_line' id='line_1_35' title="bbox 221 4270 1132 4328; baseline 0.008 -9"><span class='ocrx_word' id='word_1_256' title='bbox 221 4270 371 4321; x_wconf 87' lang='lat' dir='ltr'><strong>Mitridatis</strong></span> <span class='ocrx_word' id='word_1_257' title='bbox 389 4288 405 4322; x_wconf 88' lang='lat' dir='ltr'><strong>a</strong></span> <span class='ocrx_word' id='word_1_258' title='bbox 473 4276 489 4325; x_wconf 92' lang='lat'>8</span> <span class='ocrx_word' id='word_1_259' title='bbox 507 4274 643 4328; x_wconf 84' lang='lat' dir='ltr'><strong>Mitridati</strong></span> <span class='ocrx_word' id='word_1_260' title='bbox 661 4290 678 4324; x_wconf 85' lang='lat' dir='ltr'><strong>a</strong></span> <span class='ocrx_word' id='word_1_261' title='bbox 746 4278 778 4326; x_wconf 92' lang='lat'><strong>10</strong></span> <span class='ocrx_word' id='word_1_262' title='bbox 796 4275 968 4325; x_wconf 81' lang='lat' dir='ltr'><strong>Abascantio</strong></span> <span class='ocrx_word' id='word_1_263' title='bbox 986 4275 1132 4327; x_wconf 77' lang='lat' dir='ltr'><strong>Catonaeus</strong></span> 
     </span>
    </p>

    <p class='ocr_par' dir='ltr' id='par_1_14' title="bbox 221 4339 1414 4467">
     <span class='ocr_line' id='line_1_36' title="bbox 289 4339 1414 4414; baseline 0.008 -26"><span class='ocrx_word' id='word_1_264' title='bbox 289 4339 343 4390; x_wconf 89' lang='lat' dir='ltr'><strong>XII</strong></span> <span class='ocrx_word' id='word_1_265' title='bbox 361 4342 525 4391; x_wconf 87' lang='lat' dir='ltr'><strong>Praeturam</strong></span> <span class='ocrx_word' id='word_1_266' title='bbox 545 4345 632 4392; x_wconf 84' lang='lat' dir='ltr'><strong>amico</strong></span> <span class='ocrx_word' id='word_1_267' title='bbox 651 4344 756 4408; x_wconf 88' lang='lat' dir='ltr'><strong>petita</strong></span> <span class='ocrx_word' id='word_1_268' title='bbox 824 4345 856 4394; x_wconf 87' lang='grc'><strong>14</strong></span> <span class='ocrx_word' id='word_1_269' title='bbox 874 4342 1058 4394; x_wconf 82' lang='lat' dir='ltr'><strong>beneficiandi</strong></span> <span class='ocrx_word' id='word_1_270' title='bbox 1074 4359 1092 4394; x_wconf 83' lang='lat' dir='ltr'><strong>a</strong></span> <span class='ocrx_word' id='word_1_271' title='bbox 1115 4355 1122 4379; x_wconf 74' lang='lat'><strong>¹</strong></span> <span class='ocrx_word' id='word_1_272' title='bbox 1149 4345 1181 4395; x_wconf 82' lang='lat'><strong>15</strong></span> <span class='ocrx_word' id='word_1_273' title='bbox 1201 4359 1312 4411; x_wconf 85' lang='lat' dir='ltr'><strong>quoquo</strong></span> <span class='ocrx_word' id='word_1_274' title='bbox 1332 4363 1414 4414; x_wconf 87' lang='lat' dir='ltr'><strong>saepe</strong></span> 
     </span>
     <span class='ocr_line' id='line_1_37' title="bbox 221 4405 1227 4467; baseline 0.014 -14"><span class='ocrx_word' id='word_1_275' title='bbox 221 4405 362 4457; x_wconf 88' lang='lat' dir='ltr'><strong>indulsisti</strong></span> <span class='ocrx_word' id='word_1_276' title='bbox 380 4408 524 4459; x_wconf 69' lang='lat' dir='ltr'><strong>Coronaeus</strong></span> <span class='ocrx_word' id='word_1_277' title='bbox 1224 4460 1227 4467; x_wconf 87' lang='lat'><strong>.</strong></span> 
     </span>
    </p>

    <p class='ocr_par' dir='ltr' id='par_1_15' title="bbox 288 4474 1412 4546">
     <span class='ocr_line' id='line_1_38' title="bbox 288 4474 1412 4546; baseline 0.009 -24"><span class='ocrx_word' id='word_1_278' title='bbox 288 4474 357 4524; x_wconf 89' lang='lat' dir='ltr'>XIII</span> <span class='ocrx_word' id='word_1_279' title='bbox 375 4476 565 4527; x_wconf 86' lang='lat' dir='ltr'><strong>Sacerdotium</strong></span> <span class='ocrx_word' id='word_1_280' title='bbox 582 4478 637 4528; x_wconf 84' lang='lat' dir='ltr'><strong>sibi</strong></span> <span class='ocrx_word' id='word_1_281' title='bbox 653 4481 722 4543; x_wconf 88' lang='lat' dir='ltr'><strong>petit</strong></span> <span class='ocrx_word' id='word_1_282' title='bbox 738 4493 755 4527; x_wconf 84' lang='lat' dir='ltr'><strong>a</strong></span> <span class='ocrx_word' id='word_1_283' title='bbox 806 4480 839 4529; x_wconf 75' lang='lat'><strong>27</strong></span> <span class='ocrx_word' id='word_1_284' title='bbox 858 4479 925 4544; x_wconf 89' lang='lat' dir='ltr'><strong>quia</strong></span> <span class='ocrx_word' id='word_1_285' title='bbox 943 4483 1047 4530; x_wconf 86' lang='lat' dir='ltr'><strong>uacant</strong></span> <span class='ocrx_word' id='word_1_286' title='bbox 1056 4479 1201 4532; x_wconf 71' lang='lat' dir='ltr'><strong>Coronaeus</strong></span> <span class='ocrx_word' id='word_1_287' title='bbox 1220 4482 1286 4546; x_wconf 87' lang='lat' dir='ltr'><strong>quia</strong></span> <span class='ocrx_word' id='word_1_288' title='bbox 1296 4489 1381 4534; x_wconf 86' lang='lat' dir='ltr'><strong>uacat</strong></span> <span class='ocrx_word' id='word_1_289' title='bbox 1397 4497 1412 4532; x_wconf 81' lang='lat' dir='ltr'><strong>a</strong></span> 
     </span>
    </p>

    <p class='ocr_par' dir='ltr' id='par_1_16' title="bbox 289 4542 1186 4610">
     <span class='ocr_line' id='line_1_39' title="bbox 289 4542 1186 4610; baseline 0.01 -21"><span class='ocrx_word' id='word_1_290' title='bbox 289 4542 370 4591; x_wconf 92' lang='lat' dir='ltr'>XIIII</span> <span class='ocrx_word' id='word_1_291' title='bbox 388 4542 579 4596; x_wconf 79' lang='lat' dir='ltr'><strong>Gratulatoria</strong></span> <span class='ocrx_word' id='word_1_292' title='bbox 598 4546 631 4596; x_wconf 93' lang='lat' dir='ltr'><strong>ob</strong></span> <span class='ocrx_word' id='word_1_293' title='bbox 650 4546 793 4597; x_wconf 84' lang='lat' dir='ltr'><strong>uictoriam</strong></span> <span class='ocrx_word' id='word_1_294' title='bbox 811 4561 828 4595; x_wconf 85' lang='lat' dir='ltr'><strong>a</strong></span> <span class='ocrx_word' id='word_1_295' title='bbox 896 4549 927 4596; x_wconf 89' lang='lat'><strong>31</strong></span> <span class='ocrx_word' id='word_1_296' title='bbox 947 4547 1011 4610; x_wconf 88' lang='lat' dir='ltr'><strong>imp.</strong></span> <span class='ocrx_word' id='word_1_297' title='bbox 1030 4546 1149 4599; x_wconf 83' lang='lat' dir='ltr'><strong>Maxime</strong></span> <span class='ocrx_word' id='word_1_298' title='bbox 1168 4563 1186 4598; x_wconf 77' lang='lat' dir='ltr'><strong>a</strong></span> 
     </span>
    </p>
   </div>
   <div class='ocr_carea' id='block_1_13' title="bbox 0 0 1516 5062">
    <p class='ocr_par' dir='ltr' id='par_1_17' title="bbox 0 0 1516 5062">
     <span class='ocr_line' id='line_1_40' title="bbox 0 0 1516 5062; baseline 0 2"><span class='ocrx_word' id='word_1_299' title='bbox 0 0 1516 5062; x_wconf 95' lang='lat' dir='ltr'><strong> </strong></span> 
     </span>
    </p>
   </div>
  </div>
 </body>
</html>
