3024 5062
203 261 265 326 356
723 277 751 325 c.
775 278 872 324 ruini

204 453 275 515 sua,
297 429 394 516 longe
418 452 536 495 arcana
559 430 615 494 illa
638 430 756 494 cubilia
778 430 927 514 saevique
942 451 1101 513 secessus,
1125 429 1160 494 in
1182 450 1261 513 quos
1283 429 1399 494 timore

204 536 236 597 et
269 532 418 617 superbia
456 536 488 596 et
519 532 591 596 odio
623 533 789 597 hominum
819 533 985 618 agebatur.
1024 534 1144 617 quanto
1172 554 1259 596 nunc
1288 532 1398 615 tutior,

203 639 324 717 quanto
353 635 492 699 securior
515 634 625 698 eadem
653 634 780 718 domus,
809 636 979 718 postquam
1001 655 1067 698 non
1098 633 1313 717 crudelitatis,
1343 635 1399 698 sed

204 737 320 800 amoris
349 737 506 820 excubiis,
536 758 601 801 non
631 737 802 801 solitudine
830 739 862 800 et
891 736 1055 819 claustris,
1090 735 1144 800 sed
1178 735 1296 799 civium
1319 735 1398 799 cele-

203 838 323 902 britate
346 838 544 902 defenditur!
569 838 680 923 ecquid
704 860 780 924 ergo
802 838 953 902 discimus
969 837 1189 922 experimento
1210 837 1422 901 fidissimams

204 962 272 1004 esse
295 940 470 1005 custodiam
485 940 641 1024 principis
664 941 764 1024 ipsius
779 939 1023 1005 innocentiam?
1045 939 1126 1005 haec
1141 962 1197 1004 arx
1219 940 1397 1023 inaccessa,

203 1042 263 1106 hoc
286 1041 537 1128 inexpugnabile
559 1043 809 1125 munimentum,
832 1042 1031 1106 munimento
1053 1063 1118 1106 non
1142 1063 1245 1127 egere.
1275 1041 1397 1106 frustra

204 1167 237 1208 se
259 1148 379 1208 terrore
402 1144 596 1208 succinxerit
618 1144 672 1228 qui
695 1148 804 1227 septus
828 1144 961 1208 caritate
976 1166 1042 1208 non
1057 1143 1168 1208 fuerit:
1191 1145 1289 1208 armis
1312 1145 1397 1208 enirn

204 1269 293 1310 arma
319 1246 505 1311 innitantur.
549 1268 627 1309 nurn
656 1247 762 1310 autem
792 1245 891 1310 serias
918 1248 1043 1309 tanturn
1072 1249 1182 1331 partes
1210 1244 1334 1309 dierum
1363 1245 1396 1309 in

203 1348 302 1413 oculis
324 1348 443 1412 nostris
466 1350 619 1431 coetuque
642 1346 826 1412 consumis?
847 1369 914 1412 non
936 1347 1177 1412 remissionibus
1199 1347 1264 1411 tuis
1287 1347 1397 1411 eadem
1411 1368 1434 1406 11

202 1450 383 1535 frequentia
406 1450 576 1534 eademque
598 1449 654 1513 illa
676 1449 838 1514 socialitas
860 1449 1019 1515 interest?
1045 1471 1112 1515 non
1133 1449 1193 1514 tibi
1216 1470 1342 1535 semper
1363 1449 1397 1512 in

202 1553 306 1617 medio
329 1553 417 1617 cibus
432 1573 619 1636 semperque
633 1573 746 1616 mensa
761 1551 961 1617 communis?
983 1573 1048 1616 non
1070 1574 1108 1616 ex
1124 1551 1273 1616 convictu
1288 1554 1397 1616 nostro

203 1658 313 1719 mutua
336 1653 505 1738 voluptas?
531 1675 596 1718 non
619 1675 772 1738 provocas
795 1654 962 1739 reddisquc
984 1652 1171 1718 sermones?
1202 1675 1269 1717 non
1292 1652 1397 1737 ipsum

204 1761 329 1841 tempus
363 1756 527 1840 epularum
561 1759 690 1820 tuarum
725 1778 796 1820 cum
832 1755 1003 1841 frugalitas
1032 1754 1222 1839 contrabat,
1253 1755 1398 1820 extendit

203 1857 411 1923 humanitas?
433 1879 499 1921 111
521 1857 606 1922 enirn
628 1861 704 1922 ante
726 1858 866 1922 medium
882 1859 966 1923 diem
981 1858 1139 1923 distentus
1155 1856 1302 1922 solitaria
1318 1879 1435 1922 111111

203 1964 367 2046 spectator
379 1960 611 2044 adnotaturque
635 1961 775 2024 convivis
795 1961 860 2025 tuis
875 1961 1023 2025 immines
1038 1982 1098 2025 nec
1113 1959 1229 2024 ieiunis
1246 1959 1397 2024 1111111-

204 2065 264 2128 111
277 2063 390 2147 plenus
403 2065 472 2147 ipse
488 2066 520 2127 et
532 2066 663 2127 ructans
675 2066 820 2128 nontam
836 2064 972 2148 apponis
987 2085 1081 2148 quam
1093 2062 1193 2127 obicis
1210 2063 1309 2147 cibos,
1321 2083 1399 2147 quos

204 2166 386 2251 dedigneris
415 2166 591 2249 attingere,
626 2186 784 2250 aegreque
810 2187 979 2250 perpessus
1007 2164 1177 2248 superbam
1205 2164 1296 2228 illam
1325 2185 1396 2228 con-

203 2269 307 2332 victus
330 2266 565 2331 simulationem
587 2289 696 2331 rursus
717 2270 750 2331 te
772 2267 811 2331 ad
827 2266 1057 2331 clandestinam
1072 2288 1208 2352 ganeam
1223 2267 1397 2331 occultum·

204 2391 265 2453 que
287 2369 396 2433 luxum
418 2370 528 2433 refers.
559 2391 635 2454 ergo
657 2391 722 2433 non
745 2391 855 2433 aurum
883 2391 943 2433 nec
965 2371 1135 2454 argentum
1156 2391 1218 2434 nec
1240 2368 1398 2453 exquisita
1409 2387 1434 2427 11

203 2473 335 2556 ingenia
363 2494 528 2555 cenarum,
559 2471 614 2535 sed
644 2472 833 2536 suavitatem
862 2475 952 2536 tuam
979 2470 1274 2555 iucunditatemque
1304 2470 1398 2534 mira·

203 2597 274 2638 mur
280 2625 289 2658 ,
313 2573 427 2658 quibus
450 2573 539 2637 nulla
561 2573 691 2638 satietas
713 2573 817 2656 adest,
841 2572 969 2658 quando
991 2573 1116 2638 sincera
1137 2572 1246 2636 omnia
1269 2576 1303 2637 et
1324 2594 1398 2637 vera

206 2680 238 2741 et
266 2679 378 2741 ornata
405 2677 573 2761 gravitate.
617 2698 720 2760 neque
748 2663 845 2741 enim⁸
861 2680 916 2740 aut
942 2675 1131 2761 peregrinae
1158 2675 1398 2758 superstitionis

204 2779 383 2844 ministeria
405 2781 461 2842 aut
483 2779 642 2843 obscaena
664 2779 844 2863 petulantia
866 2779 984 2843 mensis
999 2778 1154 2863 principis
1177 2777 1319 2860 oberrat,
1343 2776 1396 2841 sed

205 2881 346 2965 benigna
368 2881 517 2944 invitatio
540 2885 572 2945 et
594 2881 741 2945 liberales
763 2881 824 2945 ioci
847 2884 880 2945 et
901 2880 1076 2945 studiorum
1097 2878 1209 2944 honor.
1245 2878 1323 2944 inde
1337 2879 1395 2942 tibi
1408 2903 1431 2942 a

203 3005 318 3067 parcus
341 2986 373 3046 et
394 2983 500 3048 brevis
522 3005 651 3047 somnus
673 2982 858 3067 nullumque
886 3004 992 3047 amore
1019 2982 1123 3048 nostri
1143 2986 1272 3065 tempus
1296 3003 1396 3066 angu-

204 3086 300 3169 stius,
324 3106 419 3169 quam
441 3084 524 3169 quod
545 3085 615 3148 sine
637 3085 729 3148 nobis
752 3086 832 3169 agia.

152 3191 195 3256 50
289 3185 351 3252 Sed
374 3208 445 3250 cum
460 3187 555 3250 rebus
570 3187 634 3250 tuis
656 3189 692 3250 ut
707 3186 879 3271 participes
897 3186 1114 3271 perfruamur,
1138 3207 1219 3270 quae
1241 3186 1395 3250 habemus

203 3291 266 3375 ipsi
288 3311 383 3374 quam
405 3288 550 3373 propria,
575 3311 671 3372 quam
692 3292 803 3353 nostra
825 3290 913 3353 sunt!
936 3310 1003 3353 non
1018 3288 1103 3353 enim
1119 3288 1300 3353 exturbatis
1314 3287 1394 3372 prio

139 3390 143 3397 ’
203 3392 292 3456 ribus
314 3391 450 3456 dominis
473 3412 566 3455 omne
589 3394 757 3477 stagnum,
781 3412 908 3455 omnem
931 3391 1049 3474 lacum,
1072 3412 1199 3454 omnem
1222 3390 1322 3454 etiam
1336 3388 1425 3453 111-11

203 3498 273 3558 tum
293 3494 449 3557 immensa
470 3492 669 3578 possessione
693 3493 918 3575 circumvenis,
941 3514 1002 3557 nec
1023 3492 1118 3557 unius
1140 3491 1241 3557 oculis
1263 3491 1393 3556 flumina

204 3686 405 3694 ------

272 3807 284 3854 1
304 3800 367 3870 sua]
386 3802 436 3852 illa
453 3816 468 3852 1
560 3799 655 3868 longe]
674 3801 810 3866 longeque
828 3802 870 3851 Ae
954 3803 970 3851 2
989 3793 1124 3865 agebatur
1140 3801 1184 3851 Bd
1202 3798 1390 3866 angebaturl

205 3873 308 3938 agebat
325 3886 339 3921 1
460 3876 561 3934 quanto
585 3885 656 3919 nunc
679 3870 764 3920 tutior
781 3875 885 3934 quanto
904 3870 1086 3923 111111101Δς
1104 3875 1207 3933 quanto
1226 3876 1295 3920 tuno
1314 3869 1390 3919 tutior

204 3946 306 4005 quanto
325 3941 446 3990 securior
463 3939 505 3988 au
523 3944 625 4003 quanto
643 3944 708 3988 tunc
727 3939 813 3988 maior
831 3942 910 3988 tanto
929 3936 1084 3987 securiora
1214 3941 1230 3988 3
1250 3943 1389 4002 postquam

203 4004 263 4059 uon'
276 4007 432 4058 Catenaeus²
449 4013 512 4073 post
532 4008 590 4058 eius
609 4022 663 4056 non
680 4006 723 4055 lid
740 4023 800 4056 cum
819 4007 906 4057 nond
924 4010 987 4071 post
1005 4006 1064 4055 eius
1082 4010 1196 4055 mortem
1216 4022 1270 4055 non
1289 4021 1303 4056 1
1321 4010 1387 4071 post·

204 4092 284 4141 quam
304 4078 363 4126 cius
381 4092 435 4126 uon
454 4089 470 4132 ς
488 4081 634 4141 postquam
653 4076 745 4125 aditus
764 4077 823 4125 eius
845 4091 900 4125 non
918 4076 1048 4125 Livineius
1065 4077 1213 4138 postquam
1233 4091 1267 4124 ea
1286 4073 1389 4123 1111111

204 4151 349 4210 postquam
368 4145 491 4194 dominus
510 4146 569 4194 eius
587 4159 641 4193 non
659 4144 763 4207 Lipsius
830 4146 846 4192 4
866 4143 916 4192 sed
935 4144 1035 4193 civium
1055 4141 1220 4192 celebritate
1240 4144 1348 4195 1111111

203 4213 334 4277 51111111
353 4214 482 4263 Livineius
500 4218 528 4262 et
546 4212 609 4277 quid
627 4211 715 4260 Anca
783 4213 921 4274 ‘tegetA
998 4206 1148 4274 adieram]
1169 4209 1328 4260 dixerimA

204 4284 236 4331 10
255 4297 307 4330 non
327 4282 534 4332 remissionibus
552 4280 594 4328 Bd
611 4296 673 4329 num
691 4280 899 4329 remissionibus
916 4281 957 4329 Ac
1078 4280 1107 4327 11
1128 4293 1183 4327 non
1202 4278 1255 4329 tibi
1272 4279 1314 4328 Bd
1331 4292 1387 4326 num

202 4349 254 4398 tibi
272 4349 313 4397 Aa
386 4353 414 4399 14
433 4350 557 4399 extendit
575 4348 633 4411 ssad
651 4348 823 4398 1111111111
841 4348 962 4396 ostendit
980 4348 1016 4395 be
1104 4348 1134 4396 17
1153 4347 1215 4410 ipse
1234 4353 1264 4398 et
1282 4350 1387 4396 ructans

203 4419 332 4466 Livineius
349 4417 409 4480 ipse
429 4423 558 4468 eructans
576 4417 639 4465 Aba
656 4417 715 4480 ipse
735 4421 866 4480 eruptans
884 4414 922 4477 βά
1042 4414 1073 4463 18
1091 4413 1254 4479 dedigneris
1272 4413 1388 4464 masor

204 4485 365 4549 dignerisA
433 4484 859 4539 2111ἰηί111111Δ11111111111
877 4484 898 4532 B
916 4485 1085 4548 mysterius
1154 4482 1327 4534 oberrantA

202 4555 234 4604 30
253 4569 357 4603 omnem
377 4551 478 4618 lacum]
499 4551 719 4614 1111111111111
