3024 5062
581 265 789 314 PRAIIIIA'I'IO.
1197 268 1286 317 XLIII

85 418 165 500 359,
190 418 231 482 14
260 439 319 500 per
341 423 544 499 Capitolinum
576 426 633 484 iter
665 441 723 509 pro
750 441 811 500 per
833 425 1014 500 Capitolium
1042 423 1223 506 a'ter,.384,
1249 424 1288 488 16

87 525 283 602 usurpabant
306 532 405 586 autem
428 528 471 585 ita
499 534 531 585 ut
557 543 615 606 pro
646 525 836 603 usurpabant
857 533 956 588 autem
978 536 1021 590 ur.
1058 546 1167 590 verum
1189 528 1288 590 utne

88 644 128 687 ex
150 620 202 686 his
231 621 360 706 quidem
391 622 561 706 quicquam
589 626 639 687 est
670 623 754 708 quod
776 623 830 688 ille
859 624 1041 690 coniectura
1069 627 1199 710 adsequi
1221 647 1287 690 non

87 722 246 808 potuerit,
279 725 328 787 ita
360 722 453 787 bonis
482 744 606 808 quoque
628 726 662 788 et
683 745 740 807 per
761 746 795 789 se
816 725 949 790 minime
979 730 1134 812 suspectis
1162 727 1287 812 supple-

88 826 209 891 mentis
231 825 327 890 fidem
350 825 551 908 antiquitatis
574 825 715 891 detrahit
736 826 837 891 multo
858 828 959 893 maior
980 851 1131 894 numerus
1153 829 1287 913 reliquo-

88 950 178 1011 rum,
200 927 240 991 de
262 926 378 1012 quibus
399 926 539 992 dubitari
554 929 666 1012 nequit
679 928 758 1013 quin
781 929 821 993 ab
844 929 1049 1013 ipso'editore
1064 931 1197 996 inventa
1212 931 1286 1010 sint.

88 1029 222 1112 deinde,
252 1029 336 1113 quod
358 1049 515 1092 summum
544 1029 579 1092 in
601 1029 661 1093 hac
683 1031 869 1113 quaestione
892 1035 955 1113 est,
984 1032 1083 1115 siquis
1111 1033 1161 1096 vel
1190 1054 1289 1096 unum

92 1130 215 1217 aliquid
247 1152 287 1195 ex
318 1129 358 1193 iis
391 1150 473 1213 quae
496 1129 712 1213 Cuspinianus
741 1131 864 1195 addidit
886 1153 925 1196 ex
946 1131 1036 1196 libro·
1048 1146 1149 1196 'manu
1171 1133 1290 1216 scripto

88 1233 230 1318 petitum
251 1252 355 1314 neque
378 1231 418 1294 ab
433 1230 662 1315 interpolatore
677 1232 845 1296 inventum
860 1253 929 1297 esse
944 1233 1061 1317 credit,
1085 1255 1157 1298 eum
1172 1234 1289 1298 librum

89 1335 132 1399 ab
153 1335 194 1398 iis
217 1333 270 1416 qui
294 1354 381 1397 nunc
403 1336 574 1415 supersunt
595 1353 724 1416 prorsus
747 1333 871 1398 diversa
893 1335 1017 1419 origine
1038 1335 1137 1400 fuisse
1159 1357 1289 1401 necesse

90 1445 150 1502 est.
190 1434 317 1519 qualem
339 1434 456 1498 librum
479 1434 505 1497 si
530 1432 744 1517 Ouspinianus
772 1433 952 1518 habuisset,
981 1435 1082 1500 multo
1104 1437 1197 1520 plura
1219 1458 1289 1520 pro-

88 1539 192 1620 fecto,
222 1558 304 1621 quae
332 1538 418 1601 certe
445 1556 511 1601 non
538 1536 820 1620 praetermisisset,
853 1537 920 1602 eius
948 1559 1008 1622 ope
1036 1538 1205 1604 emendare
1233 1561 1288 1623 po-

90 1643 187 1704 terat.
227 1659 330 1722 neque
353 1637 439 1701 enim
460 1637 531 1702 fieri
551 1637 658 1721 potuit
683 1640 720 1702 ut
747 1638 859 1722 paucis
886 1638 965 1704 locis
987 1639 1163 1724 pleniorem
1191 1641 1288 1725 scrip-

90 1744 198 1805 turam
214 1761 254 1804 ex
276 1738 409 1824 antiquo
431 1740 521 1802 fonte
543 1739 673 1804 ductam
694 1739 777 1804 liber
798 1743 955 1823 servaret,
984 1741 1020 1805 in
1049 1741 1120 1805 aliis
1143 1741 1289 1825 plurimis

91 1865 164 1908 cum
197 1841 236 1906 de
263 1840 394 1924 reliquis
421 1840 507 1904 vitiis
536 1844 605 1904 tum
633 1843 671 1904 de
695 1841 820 1906 lacunis
844 1863 914 1906 curn
939 1844 1052 1907 ceteris
1082 1844 1287 1907 consentiret.

90 1947 190 2030 quare
214 1945 336 2007 certum
364 1945 415 2007 est
436 1942 518 2007 libro
546 1963 644 2007 manu
671 1942 810 2027 scripto,
839 1964 933 2028 quem
960 1965 1039 2009 sane
1067 1945 1188 2028 primus
1216 1947 1290 2028 post

91 2045 273 2130 principem
295 2044 468 2109 editionem
492 2045 707 2129 cuspinianus
723 2043 885 2127 adhibuit,
909 2066 975 2111 non
997 2045 1069 2131 plus
1085 2045 1290 2111 tribuendum

94 2169 175 2230 esse,
199 2160 306 2231 quam'
319 2147 358 2210 iis
380 2145 495 2231 quibus
517 2168 604 2212 nunc
632 2146 768 2230 utimur,
798 2167 896 2231 eaque
918 2168 999 2231 quae
1022 2148 1063 2210 ab
1090 2146 1145 2210 illo
1167 2150 1290 2211 mutata

91 2252 168 2315 sunt
189 2270 256 2314 non
283 2248 436 2313 maiorem
463 2248 687 2314 auctoritatem
723 2248 842 2313 habere
874 2269 970 2333 quam
1003 2247 1196 2332 reliquorum
1225 2249 1288 2313 edi-

91 2355 197 2415 torum
230 2350 372 2415 inventa.
416 2352 526 2433 postea
560 2352 682 2433 autem,
717 2350 780 2414 nisi
813 2351 867 2434 qui
899 2371 951 2413 me
983 2349 1154 2434 fugerunt,
1188 2371 1287 2415 manu

93 2453 222 2538 scriptis
245 2451 336 2517 libris
358 2450 409 2516 usi
431 2455 506 2516 sunt
527 2451 577 2534 hi,
602 2449 774 2517 Sichardus
796 2474 826 2516 a.
851 2451 943 2534 1542,
966 2450 1128 2516 Livineius
1149 2474 1179 2516 a.
1198 2452 1289 2535 1599,

96 2554 252 2620 Gruterus
268 2576 296 2618 a.
311 2553 392 2618 1607
400 2555 433 2617 et
441 2553 532 2635 1611,
544 2552 722 2618 Gronovius
733 2553 800 2617 obs.
816 2551 864 2617 IV
881 2552 931 2634 16,
948 2553 1144 2618 Arntzenius
1161 2575 1188 2616 a.
1208 2553 1289 2618 1738

96 2660 130 2722 et
150 2677 228 2740 prae
251 2655 365 2720 ceteris
388 2653 423 2721 0.
448 2653 486 2720 G.
510 2653 708 2720 Schwarzius
731 2677 758 2719 a.
783 2655 873 2719 1746.
912 2655 1086 2720 editionem
1107 2654 1288 2719 Parisinam

95 2781 123 2824 a.
148 2758 233 2823 1834
265 2779 284 2825 a
317 2756 491 2821 Burnoufio
522 2756 656 2839 factam,
691 2758 741 2822 cui
773 2756 871 2820 trium
905 2756 1048 2822 codicum
1069 2756 1290 2822 Parisinorum
1399 2802 1401 2806 -

93 2859 310 2945 discrepantia
343 2857 452 2922 addita
486 2861 550 2941 est,
586 2880 652 2924 non
684 2858 749 2923 vidi
784 2879 887 2943 neque
919 2859 1136 2943 quaerendum
1164 2858 1203 2923 de
1224 2857 1289 2922 illis

94 2962 256 3027 codicibus
293 2983 312 3025 a
346 2959 541 3044 reliquorum
578 2960 703 3044 origine
741 2963 774 3025 et
811 2960 997 3025 condicione
1032 2959 1118 3025 haud
1157 2960 1290 3025 diversis

94 3063 216 3146 putavi.

174 3159 288 3247 Itaque
315 3184 354 3228 cx
382 3164 422 3228 iis
448 3163 539 3228 libris
562 3184 696 3248 quornm
717 3163 797 3229 mihi
819 3165 910 3248 copia
931 3165 1019 3229 facta
1052 3167 1101 3229 est
1129 3168 1206 3247 tres,
1231 3164 1286 3248 qui

94 3265 280 3330 accuratius
302 3287 398 3350 quam
412 3265 525 3349 reliqui
544 3268 685 3330 veterem
705 3266 896 3351 scripturam
910 3254 1071 3349 referunt,
1095 3264 1289 3333 Vaticanum

92 3367 377 3433 Vindoboncnsem
405 3366 647 3449 Monacensem,
683 3367 785 3452 elegi,
819 3389 952 3452 quorum
984 3370 1145 3453 integram
1173 3367 1289 3432 discre-

93 3468 239 3556 pantiam
272 3468 464 3534 exhiberem.
512 3469 664 3535 Vaticani
687 3469 804 3535 codicis
837 3469 1014 3553 scripturae
1049 3470 1107 3555 (A)
1140 3491 1178 3533 ea
1210 3490 1290 3553 quae

92 3575 205 3656 postea
220 3570 382 3655 adscripta
397 3575 473 3636 sunt
488 3571 562 3655 (A2)
586 3571 709 3654 addidi,
733 3593 926 3656 quamquam
948 3593 1057 3636 eorum
1078 3570 1167 3635 nulla
1183 3574 1289 3636 aucto-

91 3675 173 3738 ritas
195 3675 259 3736 est:
281 3695 359 3737 nam
380 3673 501 3757 partim
523 3673 708 3738 coniectura
730 3673 917 3738 correctoris
939 3675 1088 3756 inventa,
1111 3672 1229 3757 partim
1251 3694 1289 3737 ex

92 3775 165 3839 aliis
197 3773 392 3858 apographis
432 3776 534 3860 petita
572 3778 658 3841 sunt.
701 3774 816 3840 deinde
848 3773 1140 3840 Wolfenbuttclani
1172 3773 1290 3840 codicis

92 3876 285 3960 scripturam
303 3877 361 3959 (a),
384 3876 412 3940 si
431 3876 647 3941 memorabilis
662 3877 830 3941 videbatur
847 3875 1072 3959 discrepantia,
1095 3875 1233 3940 maxime
1249 3876 1289 3940 si-

91 3978 168 4063 quid
183 3977 302 4046 rectius
316 3977 352 4042 in
366 3976 421 4041 illo
437 3999 533 4062 quam
547 3979 582 4044 in
598 3977 757 4044 Vaticano
773 3979 928 4063 scriptum
948 3980 1033 4060 erat,
1057 3976 1174 4060 adieci3
1197 3999 1289 4060 prae-

92 4085 182 4146 terea
204 4082 312 4144 autem
334 4079 420 4144 illius
442 4081 601 4145 rationem
624 4102 690 4145 non
718 4081 825 4145 habui.
862 4078 1145 4145 vindobonensem
1168 4082 1201 4144 et
1222 4079 1289 4143 Mo-

94 4203 283 4264 nacensem,
315 4184 352 4246 ut
375 4184 551 4246 communis
574 4183 740 4267 archetypi
770 4182 929 4266 scriptura
957 4184 1203 4266 exprimeretur,
1234 4182 1289 4245 ubi

93 4284 306 4349 consentiunt
333 4306 398 4347 una
424 4287 502 4348 nota
523 4295 551 4348 Β
579 4285 762 4369 complexus
785 4305 870 4367 sum3
900 4284 956 4348 ubi
978 4284 1187 4366 dlasentiunt,
1210 4281 1289 4348 Vin-

93 4386 287 4452 dobonensis
309 4384 383 4449 libri
406 4387 582 4470 scripturae
603 4395 643 4469 b,
666 4385 904 4466 Monacensisfl
927 4386 1070 4471 apposui.
1108 4385 1159 4449 his
1181 4385 1289 4450 addidi

92 4490 321 4575 Augustanum
345 4487 394 4572 (c)
418 4490 450 4551 et
471 4487 749 4554 Caroliruhensem
772 4488 840 4574 (d),
870 4509 935 4558 non
964 4509 1026 4571 quo
1053 4487 1124 4551 aliis
1147 4492 1289 4571 praesta-
