3024 5062
206 225 266 289 176
724 241 754 287 c.
777 240 874 286 Pnuu

203 391 281 455 tidie
314 413 426 456 cenae:
466 395 534 456 erat
566 391 705 469 modica,
739 393 767 455 si
799 392 977 475 prinoipem
1000 391 1177 481 cogitares.
1232 391 1397 456 interdum

135 514 138 520 ·
204 495 386 556 acroamata
408 492 629 575 audiebamus,
659 491 820 557 interdum
847 491 1084 555 iucundissimis
1107 492 1308 556 sermonibus
1330 514 1397 556 nox

155 594 194 656 14
204 593 388 670 ducebatur.
434 615 556 657 summo
584 593 635 657 die
658 593 849 657 abeuntibus
877 593 970 656 nobis
994 593 1075 677 (tam
1098 593 1235 678 diligens
1257 593 1292 656 in
1315 593 1396 658 an-

204 716 273 758 sare
296 696 494 779 humanitas)
516 694 611 759 xenia
634 697 710 758 sunt
731 693 838 757 missa.
883 693 938 757 sed
960 691 1039 756 mihi
1061 695 1097 756 ut
1119 690 1262 777 gravitas
1285 694 1397 779 cogni-

203 795 343 878 tionum,
379 795 504 860 consilii
525 794 643 877 honor,
677 794 817 858 suavitas
849 793 1100 878 simplicitasque
1134 794 1314 878 convictus,
1349 795 1424 859 itas

154 896 290 963 15100us
313 896 381 980 ipse
402 896 615 981 periucundus
643 895 715 959 fuit.
759 894 835 959 villa
862 893 1077 976 pulcherrima
1105 894 1249 980 cingitur
1268 896 1396 960 viridis-

204 998 292 1060 simis
316 998 420 1082 agris,
443 997 588 1062 imminet
604 997 705 1078 litori,
731 998 819 1060 cuius
834 995 869 1060 in
884 995 957 1060 sinu
979 996 1017 1059 fit
1033 1018 1104 1060 oum
1119 997 1256 1061 maxime
1271 1000 1395 1080 portus

204 1098 297 1162 huius
313 1098 478 1162 sinistrum
493 1097 660 1162 brachium
676 1097 858 1162 firmissimo
873 1118 968 1181 opere
982 1097 1143 1161 munitum
1165 1101 1224 1181 est,
1247 1099 1398 1162 dextrum

154 1202 194 1265 16
204 1199 395 1262 elaboratur.
440 1200 475 1262 in
497 1220 551 1262 ore
572 1203 684 1283 portus
710 1198 815 1262 insula
843 1198 1004 1282 adsurgit,
1038 1220 1120 1282 quae
1141 1198 1278 1265 inlatum
1298 1202 1397 1263 vento

203 1320 291 1362 mare
320 1299 469 1363 obiacens
496 1299 629 1384 frangat
656 1301 824 1382 tutumque
857 1299 898 1362 ab
930 1302 1065 1382 utroque
1099 1299 1200 1364 latere
1228 1302 1398 1364 decursum
1411 1323 1436 1362 lo

203 1401 341 1464 navibus
370 1403 521 1483 praestet.
566 1399 712 1484 adsurgit
740 1402 847 1463 autern
874 1403 942 1463 arte
964 1400 1113 1464 visenda:
1140 1400 1290 1484 ingentia
1319 1423 1398 1465 saxa

202 1500 361 1566 latissima
389 1501 481 1565 navis
510 1501 673 1585 provehit:
708 1504 821 1565 contra
849 1499 928 1565 haec
961 1501 1024 1564 aha
1058 1523 1153 1585 super
1181 1502 1244 1566 alia
1272 1502 1397 1566 deiecta

204 1603 273 1686 ipso
295 1603 435 1687 pondere
463 1607 596 1667 manent
624 1624 661 1666 ao
683 1602 802 1666 sensim
824 1603 962 1686 quodam
992 1602 1078 1685 velut
1105 1623 1224 1687 aggere
1251 1605 1397 1666 constru-

155 1708 312 1772 liuntur.
368 1704 488 1768 eminet
524 1703 589 1767 iam
625 1706 658 1767 et
694 1705 830 1787 apparet
861 1724 992 1766 saxeum
1024 1704 1152 1768 dorsum
1185 1705 1396 1788 inpactosque

204 1806 319 1870 fluctus
340 1807 375 1870 in
397 1807 578 1870 inmensum
601 1805 691 1869 elidit
713 1809 746 1868 et
767 1804 862 1869 tollit.
908 1808 1016 1868 vastus
1045 1804 1111 1869 illic
1133 1805 1245 1891 fragor
1267 1825 1399 1869 canum.
1409 1827 1432 1865 15

204 1928 264 1990 que
287 1907 370 1970 circa
392 1929 490 1971 mare.
531 1907 626 1971 saxis
639 1907 754 1971 deinde
775 1905 860 1990 pilae
883 1906 1077 1989 adicientur,
1102 1928 1181 1990 quae
1203 1907 1396 1991 procedente

203 2011 346 2091 tempore
369 2011 498 2071 enatam
520 2008 658 2071 insulam
686 2008 864 2071 imitentur.
908 2007 1041 2071 habebit·
1067 2008 1120 2071 hic
1140 2013 1254 2092 portus
1277 2012 1311 2072 et
1332 2009 1396 2073 iam

203 2107 301 2172 habet
323 2098 440 2173 nomen
468 2109 608 2172 auctoris
637 2108 758 2192 eritque
786 2108 836 2171 vel
864 2108 1001 2172 maxime
1029 2108 1189 2173 salutaris.
1234 2131 1312 2174 nam
1339 2131 1396 2194 per

203 2209 425 2294 longissimum
447 2211 587 2294 spatium
614 2210 690 2273 litus
717 2210 938 2294 inportuosum
960 2210 1020 2274 hoc
1046 2210 1250 2294 receptaculo
1279 2214 1394 2276 utetur.

202 2311 283 2376 vale.
1404 2332 1428 2373 ao

728 2479 865 2546 XXXII.

499 2602 529 2652 c.
549 2601 698 2653 rannus
716 2602 959 2665 oururrmauo
981 2600 1097 2655 suos.

176 2727 193 2787 1
289 2716 439 2793 Quamvis
463 2720 495 2782 et
515 2718 584 2801 ipse
600 2719 643 2782 sis
666 2718 963 2782 continentissimus
991 2721 1024 2783 ct
1045 2717 1144 2782 filiam
1165 2720 1258 2783 tuam
1279 2719 1327 2785 ita
1347 2720 1393 2787 in-

203 2819 363 2902 stitueriS,
386 2822 422 2882 ut
444 2819 578 2883 decebat
599 2822 689 2883 tuam
710 2819 825 2902 filiam,
850 2819 949 2883 Tutili
963 2823 1109 2904 neptem,
1133 2841 1206 2884 curn
1227 2823 1339 2886 tamen
1353 2822 1394 2886 sit

203 2925 347 3005 nuptura
369 2921 594 2984 honestissimo
618 2921 695 3004 viro,
718 2920 825 2986 Nonio
848 2919 967 3005 Celeri,
997 2922 1047 2985 cui
1074 2923 1157 2986 ratio
1185 2921 1329 2987 civilium
1349 2922 1438 2987 of-aa

204 3022 349 3086 ficiorum
372 3023 599 3086 necessitatem
620 3022 783 3106 quandam
803 3022 919 3086 nitoris
933 3021 1078 3108 inponit,
1101 3023 1199 3088 debet
1219 3025 1393 3088 secundum

271 3282 284 3328 1
304 3295 390 3348 coena
407 3280 449 3340 Dp
520 3281 628 3344 cogites
645 3290 703 3333 rsa
770 3281 786 3328 2
806 3250 965 3330 acroamata
976 3280 1021 3328 nr
1037 3277 1201 3344 ἀκροάματα
1218 3293 1235 3329 a
1253 3287 1393 3333 acromate

201 3359 241 3410 ps
260 3349 435 3398 arromatal)
514 3348 843 3411 3tam1aquam11pr
927 3347 1120 3398 lhumanitas
1138 3349 1193 3397 fuit
1210 3364 1227 3397 a
1296 3351 1394 3400 exenia

162 3480 217 3528 ,p
286 3428 470 3530 coguitionevm
489 3467 516 3512 tt
585 3442 804 3530 dperiunduslt
883 3463 1317 3532 Xinsiuufit(fluit1)p)cum
1335 3483 1392 3517 rna·

201 3535 272 3582 xime
292 3539 388 3599 portus
406 3536 481 3595 Hp
508 3531 649 3582 Siodardur
666 3533 694 3582 iu
721 3533 784 3582 sinu
802 3533 1066 3599 Amphitheatrumr
1091 3536 1120 3584 in
1139 3535 1200 3584 sinu
1219 3541 1314 3599 portus
1335 3535 1390 3586 uel·

201 3606 233 3650 ut
249 3601 486 3670 Amphitheatrum
506 3613 546 3654 ςο,
571 3602 600 3648 iu
619 3602 680 3650 sinu
699 3616 780 3665 quam
799 3603 932 3652 maximus
951 3606 1046 3666 portus
1064 3601 1140 3652 velut
1160 3602 1390 3665 amphitheatrum

201 3673 288 3733 vulgo:
306 3670 342 3731 ef.
361 3669 438 3723 Rutil.
459 3669 611 3734 Namatde
628 3669 684 3718 red.
703 3669 721 3717 I
742 3670 796 3718 239
820 3669 935 3720 molibus
958 3684 1124 3734 aequoreum
1147 3668 1320 3721 concluditur
1337 3685 1390 3720 am-

202 3737 387 3802 phitheatrum
456 3735 792 3800 80pereremunitum11
869 3739 997 3802 9portus
1016 3753 1062 3786 om.
1082 3749 1120 3792 §a
1189 3752 1260 3802 quae
1278 3737 1390 3788 inlatum

201 3819 259 3866 pra
276 3820 353 3874 quem
372 3803 489 3853 inlatum
507 3805 534 3850 Π
552 3818 621 3867 quae
641 3805 670 3853 in
688 3805 779 3853 lacum
796 3805 817 3852 lt
837 3819 908 3867 quae
927 3805 1050 3854 inflatum
1063 3805 1233 3856 Mommsenur
1303 3808 1332 3855 11
1351 3806 1389 3854 iu·

202 3870 310 3936 gentio]
330 3873 451 3936 ingauda
470 3873 492 3919 l>
595 3873 626 3920 12
645 3878 740 3921 contra
762 3874 832 3921 uncis
850 3875 950 3922 inclusit
969 3873 1107 3931 Gesnerru,
1135 3873 1264 3937 prouehit
1282 3877 1389 3924 contra:

202 3940 271 3989 haee
290 3941 391 3989 Curtius
460 3939 568 3989 deiecta
585 3940 656 3992 Πςα
674 3939 784 3988 delecta
801 3953 818 4000 p
835 3939 967 3988 deletan
990 3940 1134 3989 decretur
1222 3943 1253 3991 13
1272 3945 1390 3990 manetr

286 4022 395 4056 sensum
413 4009 435 4055 D
520 4007 599 4055 uelut
617 4007 733 4070 quodam
751 4007 772 4055 D
860 4009 891 4056 14
909 4009 1009 4056 eminet
1026 4009 1081 4057 iam
1099 4007 1170 4062 Πςα
1193 4009 1345 4058 eminentia
1362 4013 1389 4056 et

201 4076 265 4137 Dpr
333 4090 445 4124 saxeum
457 4074 570 4124 dorsum
589 4075 673 4134 Dpra
690 4089 720 4124 os
739 4089 851 4124 saxeum
870 4075 897 4123 11
960 4075 991 4125 15
1009 4075 1037 4124 in
1056 4089 1134 4127 om.r
1203 4075 1292 4125 illeD
1359 4076 1392 4123 16

202 4143 369 4192 adiiciuntur
387 4154 425 4197 ςο,
510 4142 671 4206 procedenti
689 4144 752 4203 Dpr
838 4144 868 4191 17
893 4143 1005 4193 habebit
1027 4142 1073 4191 hic
1091 4147 1186 4207 portus
1203 4145 1288 4193 etiarn
1306 4143 1388 4193 habet

201 4225 300 4259 nomeu
318 4212 367 4272 Hp
384 4209 500 4259 habebit
518 4209 563 4257 hic
581 4213 675 4273 portus
693 4209 779 4259 habet
797 4209 923 4272 (habebit
939 4208 962 4272 r)
992 4210 1075 4259 etiam
1093 4226 1193 4261 nomen
1210 4211 1252 4259 Dr
1277 4210 1387 4260 habebit

202 4278 247 4327 hic
265 4284 360 4343 portus
380 4283 408 4327 et
425 4293 523 4327 nomen
541 4291 559 4324 a
575 4275 620 4324 hio
638 4282 731 4340 portus
749 4276 833 4326 habet
851 4278 935 4326 etiam
958 4292 1057 4328 nomen
1076 4290 1092 4331 ς
1178 4279 1211 4328 18
1229 4277 1275 4329 vel
1291 4294 1336 4329 om.
1352 4287 1386 4330 1¹3

271 4349 301 4395 19
319 4346 506 4409 inportuosum
525 4347 607 4406 Dpra
625 4344 792 4410 inpetuosum
811 4346 839 4391 Η

270 4414 374 4462 XXXII
391 4415 424 4462 24
442 4415 558 4462 decebat
576 4417 651 4461 tuam
668 4411 754 4461 filiam
771 4413 825 4460 11>
843 4412 961 4462 decebat
978 4412 1061 4462 filiam
1080 4418 1156 4463 tuam
1173 4427 1231 4476 pra
1313 4411 1381 4463 tutili

201 4480 249 4540 up
268 4480 354 4529 tutilii
370 4493 427 4535 rsa
445 4480 569 4530 ruttllin
638 4477 742 4545 tamen]
763 4481 861 4529 tumn
930 4481 967 4531 sit
984 4496 1065 4535 om.r
