3024 5062
204 268 265 332 160
724 283 753 332 c.
776 285 872 331 emm

201 438 257 501 tia.
271 512 275 519 Ι
290 441 460 502 cunctatus
488 438 634 521 paulum,
664 459 706 500 an
728 441 814 502 retro
835 437 995 522 flecteret,
1024 459 1097 502 mox
1125 437 1334 522 gubernatori
1361 441 1399 501 ut

202 541 249 604 ita
269 539 391 604 faceret
412 540 556 604 monenti
577 539 701 604 ‘fortes’
723 539 830 623 inquit
852 539 994 604 ‘fortuna
1013 541 1112 623 iuvat,
1137 525 1398 624 Pomponianum

155 643 193 704 12
202 647 299 725 pete.’
337 640 455 706 Stabiis
479 646 559 724 erat,
582 640 758 725 diremptus
787 641 861 705 sinu
889 641 993 706 medio
1023 642 1113 727 (narn
1129 642 1248 705 sensim
1264 641 1398 704 circum·

110 730 115 740 ¹
203 742 284 808 actis
300 745 502 828 curvatisque
524 743 671 812 litoribus
686 765 773 807 mare
788 743 1002 829 infunditur):
1024 730 1086 827 ibi,
1110 765 1304 829 quamquam
1318 763 1399 806 non·

204 845 279 907 dum
294 844 436 928 periculo
452 844 740 930 adpropinquante,
765 845 938 930 conspicuo
963 848 1072 908 tamen
1095 848 1214 909 etcum
1242 847 1425 910 crescerets

204 946 366 1029 proximo,
392 945 537 1010 sarcinas
561 946 742 1010 contulerat
763 946 798 1010 in
831 968 930 1010 naves
958 949 1063 1010 certus
1083 945 1199 1031 fugae,
1221 947 1250 1011 si
1273 949 1400 1010 contra-

204 1047 269 1111 rius
297 1050 412 1111 ventus
439 1047 619 1112 resedisset.
652 1070 715 1133 quo
742 1051 820 1112 tunc
848 1048 1023 1112 avrmculus
1051 1069 1141 1112 meus
1168 1046 1400 1112 secundissimo

204 1147 349 1213 invectus
378 1149 590 1233 conplectitur
618 1150 852 1233 trepidantem,
883 1151 1081 1233 consolatur,
1110 1148 1272 1233 hortatur,
1300 1151 1400 1232 utque

204 1251 352 1315 timorem
374 1252 444 1315 eius
463 1273 520 1315 sua
542 1251 714 1315 securitate
741 1250 873 1334 leniret,
903 1250 1020 1314 deferri
1047 1251 1082 1315 in
1109 1251 1273 1314 balineum
1295 1237 1423 1314 11111111

204 1352 289 1416 lotus
312 1352 457 1436 accubat,
481 1356 576 1417 cenat
591 1355 648 1416 aut
661 1353 774 1417 hilaris
790 1357 858 1437 aut,
881 1353 965 1436 quod
980 1375 1080 1437 aeque
1094 1374 1260 1438 magnum,
1283 1350 1399 1417 similis
1413 1373 1436 1411 io

157 1461 195 1523 13
206 1454 309 1517 hilari.
354 1453 485 1518 interim
513 1454 691 1519 eVesuvio
724 1457 833 1518 monte
866 1454 1011 1538 pluribus
1044 1453 1081 1518 in
1113 1454 1192 1518 locis
1224 1453 1400 1541 latissimae

206 1556 354 1620 flammae
377 1556 505 1640 aliaque
526 1557 677 1621 incendia
697 1556 898 1640 relucebant,
928 1578 1062 1640 quorum
1082 1556 1192 1641 fulgor
1212 1558 1246 1620 et
1269 1555 1400 1620 claritas

206 1658 348 1722 tenebris
375 1658 481 1722 noctis
510 1658 722 1723 excitabatur.
773 1658 827 1722 ille
857 1658 1034 1742 agrestium
1066 1656 1280 1742 trepidatione
1307 1656 1401 1741 ignes

208 1759 336 1824 relictos
365 1761 568 1844 desertasque
597 1760 690 1824 villas
711 1782 769 1844 per
791 1759 996 1825 solitudinem
1025 1759 1136 1823 ardere
1163 1759 1198 1824 in
1224 1757 1402 1823 remedium

206 1860 386 1924 formidinis
409 1861 587 1927 dictitabat.
631 1866 700 1925 tum
722 1883 756 1926 se
777 1861 878 1947 quieti
905 1861 993 1926 dedit
1025 1864 1058 1925 et
1085 1861 1206 1944 quievit
1234 1858 1399 1925 verissimo
1412 1881 1436 1921 15

150 2046 154 2054 ¹
207 1960 335 2044 quidem
358 1983 480 2026 somno.
524 1984 601 2026 nam
622 1965 746 2026 meatus
769 1963 913 2046 animae,
943 1963 997 2047 qui
1027 1960 1076 2026 illi
1097 1965 1230 2046 propter
1251 1961 1402 2045 amplitu-

208 2062 316 2126 dinem
339 2065 479 2148 corporis
503 2063 631 2148 gravior
653 2067 686 2128 et
707 2064 874 2128 sonantior
897 2067 981 2148 erat,
1013 2065 1054 2128 ab
1081 2063 1121 2127 iis
1143 2046 1197 2148 qui
1219 2063 1325 2127 limini
1348 2062 1401 2127 ob·

159 2171 200 2234 14
208 2165 419 2230 versabantur
446 2167 644 2231 audiebatur.
695 2166 750 2231 sed
777 2189 852 2231 area
880 2188 920 2230 ex
947 2188 1011 2251 qua
1044 2164 1151 2230 diaeta
1179 2165 1329 2230 adibatur
1355 2165 1403 2228 ita

208 2267 273 2331 iam
296 2268 402 2331 cinere
424 2267 594 2351 mixtisque
616 2268 795 2351 pumicibus
817 2267 947 2352 oppleta
975 2270 1173 2351 surrexerat,
1201 2270 1255 2351 ut,
1284 2266 1312 2330 si
1335 2267 1403 2330 lon·

210 2368 281 2453 gior
313 2369 349 2432 in
382 2368 526 2433 cubiculo
559 2390 663 2453 mora,
697 2370 801 2434 exitus
833 2372 1016 2454 negaretur.
1066 2370 1224 2434 excitatus
1255 2367 1438 2454 procedito

161 2478 305 2554 15seque
327 2469 547 2553 Pomponiano
563 2472 739 2555 ceterisque
762 2472 815 2556 qui
830 2471 1104 2556 pervigilaverant
1125 2470 1240 2536 reddit.
1267 2471 1303 2534 in
1319 2492 1403 2535 com-

209 2593 305 2636 mune
328 2571 526 2655 consultant,
553 2573 641 2636 intra
662 2575 749 2636 tecta
772 2572 950 2637 subsistant
978 2594 1019 2636 an
1043 2572 1077 2636 in
1099 2575 1210 2656 aperto
1233 2576 1403 2658 vagentur.

210 2696 286 2738 nam
310 2673 429 2738 crebris
450 2674 612 2758 vastisque
633 2674 824 2739 tremoribus
845 2677 931 2739 tecta
947 2675 1107 2739 nutabant
1129 2678 1162 2739 et
1182 2673 1275 2759 quasi
1297 2677 1407 2739 emot-

210 2775 338 2840 sedibus
360 2776 424 2839 suis
446 2796 534 2839 nunc
555 2775 632 2857 huc,
660 2798 748 2840 nunc
774 2775 851 2840 illuc
873 2776 961 2840 abire
984 2779 1041 2841 aut
1061 2776 1176 2840 referri
1197 2775 1402 2840 videbantur.

161 2885 200 2949 16
210 2877 268 2941 sub
290 2877 343 2940 dio
364 2898 473 2940 rursus
501 2898 693 2961 quamquam
720 2877 837 2941 levium
864 2899 1091 2963 exesorumque
1118 2877 1282 2962 pumicum
1311 2899 1437 2944 casusne

209 2977 425 3062 metuebatur;
459 2979 542 3062 quod
575 2981 684 3043 tamen
712 2979 925 3063 periculorum
953 2978 1081 3044 collatio
1111 2979 1219 3066 elegit.
1265 2981 1298 3044 et
1320 2978 1405 3064 apud

278 3137 292 3183 1
312 3139 460 3184 cunctatus
476 3137 545 3189 111ς
563 3135 687 3185 cunctati
702 3137 725 3184 Β
744 3137 913 3196 cunctantip
932 3140 1135 3200 cunctatusque
1153 3150 1171 3184 a
1239 3138 1254 3184 2
1273 3137 1404 3186 momenti

208 3205 229 3251 Β
299 3203 394 3266 inquid
412 3203 439 3250 it
508 3205 644 3268 3petitr
712 3205 811 3253 stabiis
830 3210 892 3253 erat
909 3204 979 3258 lisa
1001 3204 1088 3254 stabit
1106 3209 1166 3254 erat
1183 3206 1205 3252 Β
1224 3204 1313 3253 stabit
1330 3210 1404 3254 errat

209 3285 225 3332 p
247 3269 341 3320 Scriba
359 3270 383 3320 is
403 3275 463 3320 eret
480 3285 501 3324 1,
522 3271 625 3321 Stabiis
642 3272 667 3320 is
686 3276 746 3321 erat
765 3271 914 3336 diremptus
933 3272 995 3321 sinu
1013 3272 1104 3322 medio
1124 3271 1404 3335 (narn—infunditur

211 3338 274 3402 ibi):
295 3353 457 3403 quamquam
475 3338 644 3389 Mommsenus
729 3339 880 3404 diremptus
897 3340 973 3388 lna
993 3339 1104 3389 diremit
1121 3354 1156 3402 pr
1176 3339 1291 3390 deuenit
1309 3351 1327 3394 ς
1344 3355 1403 3406 per·

210 3415 377 3470 ueneratque
397 3407 541 3456 Coronaeus
626 3410 642 3455 4
661 3409 836 3471 curuatisque
855 3409 945 3462 birsa
967 3407 1141 3472 turbatisque
1158 3409 1201 3470 lip
1271 3423 1348 3457 mare
1365 3408 1403 3457 in·

211 3474 333 3523 tunditur
350 3475 420 3529 Ῑςι
446 3475 475 3523 in
492 3491 567 3526 mare
585 3475 768 3525 infunditurr
794 3477 912 3524 maxima
930 3491 959 3525 re
977 3475 1163 3537 infunditnrp
1190 3476 1311 3525 maxima
1329 3478 1359 3525 in
1375 3489 1403 3524 re

211 3543 402 3591 infunditurn
481 3544 675 3593 decosulatur
693 3546 721 3591 lt
805 3543 942 3593 bdeferri
959 3559 988 3593 se
1007 3543 1036 3592 in
1054 3542 1190 3593 balineum
1208 3556 1248 3598 sa
1319 3541 1404 3594 1010·

211 3607 267 3674 tus]
287 3609 365 3660 locus
382 3611 404 3658 Β
492 3611 594 3661 acubat
611 3612 638 3659 it
735 3617 817 3661 cenat
836 3617 884 3661 ant
901 3610 998 3661 hilaris
1015 3613 1068 3661 lto
1088 3618 1187 3662 coenat
1205 3618 1289 3676 atque
1308 3610 1403 3661 hilaris

210 3691 267 3739 pra
285 3683 437 3743 coenatque
456 3679 553 3728 hilaris
571 3679 713 3729 Sictordus
815 3679 887 3744 quod
910 3695 997 3744 aeque
1021 3695 1149 3743 magnum
1168 3680 1243 3742 stop
1268 3679 1340 3744 quod
1364 3683 1404 3729 est

211 3761 299 3810 aeque
318 3761 445 3811 magnum
463 3760 498 3795 ra
516 3747 589 3811 quod
608 3763 695 3812 aeque
718 3762 846 3812 magnum
869 3753 910 3796 est
927 3760 944 3802 ς
1047 3749 1077 3795 11
1096 3747 1222 3812 pluribus
1240 3748 1270 3798 in
1293 3743 1363 3798 locis
1377 3746 1403 3794 1

211 3813 335 3878 pluribus
354 3813 423 3864 locis
445 3816 531 3877 Dpra
617 3817 648 3864 12
668 3816 780 3880 altaque
798 3817 852 3863 ito
872 3820 956 3879 atque
973 3828 1031 3877 pra
1117 3815 1297 3867 tetenebrae
1315 3813 1402 3864 noctis

212 3881 371 3946 excipiebat
387 3897 401 3930 r
419 3884 549 3933 tenebras
567 3885 656 3932 noctis
671 3883 798 3951 pellebat
816 3895 833 3937 ς
910 3885 989 3948 ignes
1007 3881 1117 3932 relictos
1135 3883 1187 3930 issi
1200 3883 1274 3948 ignis
1292 3882 1402 3932 relictas

211 3963 267 4011 pra
280 3951 337 4015 igni
351 3950 463 3999 relictas
475 3950 621 4001 Beroaldus
663 3955 705 4001 dt
714 3947 810 4017 uillas]
824 3949 941 4000 nullasr
994 3952 1024 4000 15
1038 3950 1187 4000 dictitabat
1199 3953 1270 4005 lisa
1281 3949 1403 4000 dictabat

210 4020 274 4084 lipr
343 4023 483 4068 tamense
503 4010 717 4083 quietedecitr
786 4021 818 4069 16
842 4018 950 4082 quidem
963 4018 1249 4082 linaequidempra
1321 4020 1351 4069 1⁷
1369 4016 1401 4067 ab

211 4087 255 4135 his
270 4087 334 4141 Β1ς
388 4087 420 4136 18
437 4086 532 4136 diaeta
549 4100 585 4135 ra
601 4086 676 4136 dieta
693 4089 743 4142 ire
761 4088 964 4148 zetaDretap
1027 4084 1165 4151 adibatur]
1186 4087 1374 4137 habebatnrr
1427 4121 1428 4124 η

213 4155 245 4204 19
264 4156 418 4216 cineremp
487 4153 633 4219 missisque
651 4169 668 4204 a
753 4155 932 4222 punicibusp
1008 4157 1041 4204 20
1060 4170 1135 4204 mora
1154 4159 1229 4205 esset
1247 4157 1339 4204 exitus
1356 4153 1402 4204 Oe·

212 4230 319 4272 innocus
336 4236 353 4271 a
421 4224 452 4271 21
471 4222 709 4288 peruigilauerant
727 4227 755 4273 it
772 4222 1072 4288 peruigilarantbpra
1140 4225 1173 4272 22
1192 4213 1354 4277 consultant
1368 4235 1402 4270 an

211 4291 284 4340 intra
302 4304 319 4338 a
386 4291 415 4339 in
435 4297 563 4356 apertat
630 4293 663 4341 23
680 4293 856 4343 mutabantr
924 4288 1039 4355 141111]
1060 4291 1178 4340 hunc!
1240 4293 1275 4343 ab
1292 4291 1343 4341 snb
1360 4288 1402 4339 dio

211 4370 252 4419 ps
270 4359 320 4408 sub
340 4359 384 4408 die
402 4361 430 4407 11
448 4359 498 4408 snb
517 4358 580 4407 diuo
601 4373 636 4408 ra
654 4360 704 4409 sub
723 4361 813 4410 deon
884 4360 1013 4424 punicum
1031 4373 1070 4422 pa
1138 4359 1172 4408 26
1190 4358 1332 4409 metuebat
1348 4372 1364 4420 p

874 4438 883 4472 1

212 4475 314 4542 tamen]
335 4482 442 4527 tantum
460 4493 474 4526 r
558 4478 740 4544 periculorum
759 4494 776 4528 a
794 4479 976 4544 periculorum
995 4480 1023 4525 li
1041 4477 1172 4528 malorum
1189 4478 1252 4540 Bpr
1321 4475 1401 4528 collo-

214 4547 286 4595 catio
304 4547 325 4593 Β
396 4546 475 4612 eligit
492 4547 536 4594 iit
