3024 5062
572 234 813 284 rrunsrmcus
836 229 877 281 34.
898 230 939 280 35.
962 231 1003 281 ss.
1321 217 1384 285 345

193 389 280 454 tibus
307 388 589 455 innocentissimus
623 389 754 472 quisque
787 391 865 452 tunc
897 388 1143 453 nocentissimus
1178 389 1382 474 adigeretur,

195 512 328 574 cumque
348 490 469 556 insulas
498 512 624 574 omnes,
653 512 731 574 quas
759 490 852 555 modo
882 492 1080 574 senatorum,
1114 491 1179 555 iam
1207 490 1384 555 delatorum

193 593 288 657 turba
311 593 498 677 compleret3
526 614 605 677 quos
633 592 759 677 quidem
786 592 909 657 nonin
937 613 1089 676 praesens
1116 595 1244 657 tantum
1272 593 1384 657 sedin

194 698 359 759 aeternum
381 695 561 779 repressisti
584 694 670 758 mille
693 716 868 778 poenarum
883 695 1037 779 indagine
1052 694 1202 759 inclusos.
1240 697 1384 779 ereptum

167 797 316 861 sahenas
338 797 490 882 pecunias
513 799 605 880 eunt,
629 796 767 880 perdant
789 819 867 881 quas
883 796 1018 880 habent3
1042 796 1199 879 expellere
1214 795 1384 880 penatibus

195 900 356 983 gestiunt,
381 900 446 964 suis
469 899 678 963 exturbantur
693 920 812 983 neque,
836 902 873 963 ut
893 902 1000 982 antea,
1024 920 1217 984 exsanguem
1239 897 1330 962 illam
1353 902 1385 963 et

192 1000 331 1064 ferream
352 999 491 1065 frontem
513 1001 706 1085 nequiquam
729 1001 1022 1065 convulnerandam
1049 1001 1227 1085 praebeant
1255 1000 1384 1083 punctis

194 1105 226 1166 et
247 1105 341 1166 notas
362 1123 435 1166 suas
457 1103 599 1186 rideant,
632 1102 687 1166 sed
716 1105 887 1185 expectent
907 1102 999 1187 paria
1020 1102 1163 1186 praemio
1185 1102 1303 1166 damna
1325 1124 1385 1166 nec

192 1203 328 1267 maiores
358 1225 430 1287 spes
458 1226 553 1288 quam
581 1207 685 1267 metus
713 1204 857 1268 habeant
884 1203 1083 1287 timeantque
1111 1206 1268 1287 quantum
1293 1203 1386 1268 time-

155 1306 322 1375 rebantur.
365 1306 492 1390 ingenti
520 1305 647 1389 quidem
681 1304 789 1369 animo
822 1305 914 1369 divus
941 1304 1032 1369 Titus
1064 1305 1227 1369 securitati
1255 1308 1385 1370 nostrae

193 1407 370 1491 ultionique
402 1410 610 1492 prospexerat
646 1406 779 1491 ideoque
817 1407 1002 1471 numinibus
1036 1410 1190 1491 aequatus
1224 1409 1282 1471 est.
1330 1408 1384 1472 sed

194 1511 316 1594 quanto
337 1512 374 1572 tu
396 1510 587 1593 quandoque
615 1508 743 1594 dignior
766 1509 867 1592 ecclc,
896 1508 950 1593 qui
978 1511 1028 1573 tot
1055 1530 1105 1572 res
1135 1509 1201 1573 illis
1229 1509 1383 1594 adiecisti,

193 1614 324 1696 propter
352 1632 431 1695 quas
458 1610 549 1675 illum
577 1609 670 1674 deum
698 1610 849 1674 fecimus!
878 1609 910 1674 id
935 1609 997 1675 hoc
1018 1611 1122 1695 magis
1152 1610 1285 1675 arduum
1310 1611 1384 1696 fuit,

193 1713 276 1797 quod
302 1714 477 1798 imperator
503 1711 611 1777 Nerva
639 1716 671 1777 te
701 1712 783 1795 filio,
813 1715 845 1776 00
874 1733 1054 1777 successore
1082 1713 1288 1797 dignissimus
1315 1736 1385 1798 per-

156 1836 181 1877 15
194 1837 289 1899 quam
311 1837 432 1900 magna
455 1815 609 1899 quaedam
631 1814 735 1879 edicto
749 1813 814 1877 Titi
831 1813 1033 1879 adstruxerat
1055 1815 1198 1899 nihilque
1220 1815 1385 1900 reliquisse

192 1917 257 1981 nisi
283 1916 343 1981 tibi
371 1918 554 2001 videbatur,
583 1917 636 2000 qui
664 1919 733 1981 tam
761 1917 864 1980 multa
892 1917 1099 2002 excogitasti,
1129 1919 1165 1981 ut
1192 1917 1219 1980 si
1249 1920 1324 1982 ante
1352 1921 1385 1982 tc

193 2019 275 2084 nihil
295 2022 381 2084 esset
401 2019 578 2083 inventum.
615 2040 695 2102 quae
716 2017 844 2103 singula
859 2021 1015 2103 quantum
1036 2018 1098 2082 tibi
1120 2018 1243 2103 gratiae
1259 2018 1385 2102 dispen-

193 2125 264 2186 sata
286 2121 493 2186 adiecissent!
522 2123 557 2184 at
583 2123 620 2184 tu
647 2120 740 2184 simul
769 2120 877 2183 omnia
904 2119 1090 2203 profudisti,
1119 2122 1156 2184 ut
1182 2120 1230 2184 sol
1257 2123 1290 2184 00
1318 2121 1385 2185 dies

193 2245 259 2288 non
280 2225 373 2308 parte
396 2222 517 2306 aliqua,
542 2220 597 2286 sed
613 2221 724 2285 statim
745 2223 847 2304 totus,
871 2242 931 2285 nec
952 2221 1009 2284 uni
1031 2224 1087 2286 aut
1110 2221 1217 2306 alteri,
1242 2223 1298 2287 sed
1320 2245 1385 2287 om-

154 2347 181 2388 00
193 2326 288 2391 nibus
310 2325 345 2389 in
368 2345 535 2389 commune
556 2322 727 2406 profertur.

278 2425 381 2502 Quam
408 2426 498 2490 iuvat
527 2446 656 2490 cernere
685 2425 844 2488 aerarium
866 2425 964 2489 silens
998 2427 1031 2489 et
1058 2426 1201 2509 quietum
1230 2429 1262 2490 et
1290 2427 1381 2511 quale
1392 2429 1434 2494 36

194 2532 271 2594 ante
293 2529 450 2593 delatores
472 2529 556 2592 erat!
579 2548 667 2591 nunc
689 2526 844 2610 templum
866 2525 960 2609 illud,
983 2548 1070 2591 nunc
1092 2549 1165 2592 vere
1188 2529 1297 2612 aedes,
1319 2551 1385 2593 non

193 2631 379 2715 spoliarium
402 2629 519 2695 civium
542 2632 809 2712 cruentarumque
831 2629 1022 2713 praedarum
1050 2651 1180 2694 saevum
1201 2634 1385 2714 receptacu-

193 2732 260 2797 lum
283 2754 321 2797 ac
341 2734 410 2797 toto
431 2733 467 2796 in
488 2731 564 2797 orbe
586 2734 744 2796 terrarum
767 2730 870 2795 adhuc
898 2730 986 2795 locus
1013 2752 1095 2795 unus
1117 2733 1152 2797 in
1175 2754 1237 2816 quc
1264 2733 1385 2817 optimo

154 2857 180 2899 aa
193 2833 341 2920 principe
363 2834 439 2899 boni
461 2833 554 2898 malis
576 2834 717 2919 impares
741 2835 858 2898 essent.
890 2836 1001 2897 manet
1022 2837 1131 2898 tamen
1146 2835 1249 2899 honor
1263 2834 1382 2920 legum,

192 2935 337 3020 nihilque
359 2958 398 3000 ex
420 2935 548 3021 publica
570 2936 710 3001 utilitate
734 2935 936 3019 convulsum,
959 2957 1019 3000 nec
1041 2958 1145 3021 poena
1168 2937 1316 3021 cuiquam
1338 2959 1385 3002 re-

193 3039 306 3121 missa,
336 3039 391 3103 sed
414 3038 523 3103 addita
551 3042 600 3103 est
620 3039 701 3104 ultio
708 3090 717 3123 ‚
746 3038 911 3123 solumque
938 3041 1095 3103 mutatum
1118 3038 1202 3124 quod
1228 3038 1292 3103 iam
1319 3060 1386 3102 non

194 3139 352 3205 delatores
359 3190 368 3224 ‚
393 3140 448 3204 sed
469 3140 558 3226 leges
580 3141 743 3206 timentur.
781 3144 815 3205 at
836 3141 973 3204 fortasse
995 3161 1061 3204 non
1084 3142 1195 3205 eadem
1216 3140 1386 3205 severitate

193 3243 308 3309 fiscum
329 3264 392 3327 qua
414 3242 572 3307 aerarium
595 3243 738 3327 cohibes;
765 3242 864 3306 immo
890 3244 983 3306 tanto
1009 3242 1144 3327 maiore,
1172 3242 1386 3327 quantoplus

266 3558 278 3605 1
297 3557 363 3604 tunc
381 3552 592 3605 nocentissimus
608 3555 628 3603 li
648 3570 720 3604 nunc
744 3552 957 3603 nocentissimus
975 3552 999 3600 A
1019 3556 1086 3603 tuuc
1109 3552 1352 3604 innocentissimus
1370 3555 1387 3602 d

265 3623 434 3688 affligeretur
451 3623 473 3670 A
541 3625 557 3672 3
575 3623 604 3671 in
622 3637 737 3687 presens
754 3622 819 3670 Bad
837 3621 989 3685 imprasens
1006 3619 1029 3670 A
1105 3623 1122 3670 4
1140 3618 1228 3688 mille]
1248 3621 1277 3670 iu
1294 3621 1345 3670 illa
1363 3622 1386 3669 A

264 3689 583 3742 500000οΔ11010000οΔ2
651 3689 801 3754 prudentii
887 3690 952 3739 600
970 3685 1066 3754 autea]
1086 3692 1201 3740 utantur
1220 3690 1301 3739 eisA
1370 3691 1385 3739 7

194 3759 379 3824 nequicquam
397 3759 467 3806 ABd
534 3757 616 3808 8sed
636 3761 783 3823 expectent
800 3755 959 3808 Scdworzius
978 3756 1026 3807 sed
1044 3762 1168 3822 spectent
1186 3758 1255 3806 Aru
1305 3757 1386 3822 paria

193 3827 319 3894 praemio
337 3825 437 3877 damna
454 3827 474 3874 B
493 3827 573 3891 peria
591 3829 677 3890 premi
690 3863 696 3876 .
709 3824 790 3890 (corr.
803 3828 837 3876 al.
851 3842 917 3878 mon.
929 3824 1045 3890 premio)
1064 3825 1193 3876 damned
1211 3825 1292 3890 paria
1311 3840 1387 3890 prac-

193 3895 252 3946 mia
271 3910 304 3944 ac
323 3894 424 3945 damna
441 3893 464 3944 A
481 3911 530 3958 pro
547 3895 669 3959 praemio
689 3894 787 3944 damna
805 3896 862 3945 cod.
882 3894 987 3945 Medici.
1085 3896 1100 3944 9
1119 3894 1236 3944 timeant
1255 3897 1386 3957 quantum
1466 3943 1469 3947 ,

194 3964 219 4014 A
301 3965 332 4014 10
349 3961 430 4012 diuus
449 3967 512 4013 tuus
529 3962 632 4024 0100οβ
719 3965 749 4012 12
769 3958 942 4028 quandoque]
963 3962 1112 4027 quandoA
1199 3960 1256 4012 illis
1282 3962 1387 4025 Lipsius

193 4031 242 4082 illi
258 4032 322 4087 Βᾱς
339 4029 387 4082 illc
404 4032 427 4080 A
496 4033 528 4082 13
545 4029 622 4079 illum
640 4030 719 4080 deum
736 4031 759 4079 A
778 4030 861 4080 alium
881 4031 961 4080 deum
978 4030 1020 4079 Bd
1091 4032 1123 4080 14
1134 4044 1266 4095 perquam
1284 4044 1387 4095 magna

194 4100 366 4164 Ouapim'unus
383 4114 431 4164 per
449 4114 529 4163 quem
547 4113 647 4163 magna
665 4099 746 4147 ABd:
766 4102 910 4163 postquam
929 4112 1030 4162 magna
1046 4125 1081 4135 -
1103 4098 1292 4155 adstruxerat,
1317 4096 1388 4147 nihil

195 4167 342 4232 reliquisse
361 4183 396 4217 ear
413 4168 524 4218 edicione
543 4165 704 4217 Asceusiana
723 4167 850 4216 Geruerus
919 4168 951 4217 15
969 4165 1038 4231 Titi]
1061 4166 1144 4216 tibib
1215 4165 1319 4214 1600101
1338 4181 1386 4219 om.

195 4247 214 4290 ς
284 4237 316 4285 18
333 4235 480 4300 profudisti
498 4246 514 4290 ς
532 4233 680 4300 perfudisti
697 4234 766 4283 ABd
833 4240 863 4284 ut
886 4233 927 4284 sol
945 4239 976 4284 ut
993 4235 1052 4285 dies
1071 4238 1101 4285 ut
1119 4231 1238 4300 parteA
1306 4235 1340 4283 20
1357 4234 1387 4283 in

196 4303 308 4354 comuni
326 4303 341 4366 β
476 4305 509 4352 22
528 4302 612 4353 aedes
630 4303 656 4352 I.
675 4304 705 4352 F.
727 4303 867 4354 Gronovius
885 4303 937 4355 obs.
955 4302 973 4351 Ι
976 4303 1003 4351 V
1018 4305 1050 4351 16
1068 4303 1134 4353 deus
1156 4303 1226 4351 ABd
1243 4301 1289 4350 dei
1307 4300 1387 4352 sedes

195 4372 356 4422 Seruanda
414 4386 468 4421 non
487 4371 647 4436 spoliarium
664 4371 728 4419 aar
746 4385 818 4421 nunc
836 4370 1037 4436 spoliariumA
1122 4372 1156 4420 24
1174 4367 1220 4434 00]
1239 4369 1285 4434 qui
1305 4369 1388 4419 61000·-

192 4443 253 4506 plus
354 4438 876 4504 261000000010006.6601001000
977 4441 1010 4488 26
1028 4437 1099 4488 nihil
1116 4440 1189 4491 exA
1284 4435 1385 4504 poena]

195 4508 326 4575 pennalt
739 4523 741 4526 ⁴
1249 4508 1252 4512 ’
