3024 5062
590 319 620 367 0.
644 319 741 367 PLINI
764 319 808 366 ΕΤ
831 318 975 367 TRAIANI

636 556 752 625 xcru.
770 555 929 642 [xoium

624 679 804 730 TRAIANUS
822 680 947 731 PLINIO

273 797 458 880 Amisenos,
486 818 619 881 quorum
645 795 789 861 libellum
810 796 966 879 epistulae
987 799 1063 861 tuae
1089 795 1255 881 iunxeras,
1284 795 1311 861 si
1339 795 1382 860 le-

187 898 282 983 gibus
304 899 453 982 istorum,
478 899 592 982 quibus
614 897 654 962 de
669 897 776 962 officio
797 897 935 962 foederis
949 901 1100 983 utuntur,
1125 920 1312 964 concessum
1333 901 1383 962 est

188 1022 320 1064 eranum
343 1000 667 1085 habere,-possumus
690 1021 751 1084 quo
773 1000 878 1064 minus
893 999 1036 1070 habeant
1056 1023 1123 1066 non
1145 1000 1316 1086 impedire,
1345 1014 1407 1064 co⁵

187 1102 314 1167 facilius
321 1152 331 1186 ,
354 1103 388 1187 ¹si
415 1102 475 1166 tali
498 1101 669 1167 collatione
691 1124 757 1166 non
780 1103 825 1166 ad'
844 1102 956 1166 turbas
978 1105 1011 1166 et
1033 1102 1073 1166 ad
1095 1102 1237 1168 inlicitos
1260 1105 1380 1185 coetus,

187 1204 240 1267 sed
265 1204 304 1267 ad
328 1204 549 1269 sustinendam
570 1203 752 1268 tenuiorum
772 1203 916 1288 inopiam
935 1207 1080 1269 utuntur.
1110 1204 1145 1268 in
1168 1205 1283 1270 ceteris
1307 1204 1382 1270 civi-

186 1305 323 1389 tatibus,
354 1328 434 1390 quae
456 1309 567 1371 nostro
589 1307 658 1371 iure
680 1305 853 1371 obstrictae
876 1309 968 1390 sunt,
996 1328 1047 1371 res
1075 1305 1169 1371 huius
1196 1306 1283 1371 modi
1310 1328 1381 1391 pro·
1409 1335 1414 1340 ·

185 1407 326 1472 hibenda
348 1411 406 1472 est.

637 1578 771 1644 icini.
797 1578 920 1664 [xcvi
1007 1646 1012 1657 ,
1229 1545 1231 1549 ’
1392 1601 1414 1641 10

466 1699 496 1750 O.
516 1700 663 1752 PLINIUS
681 1700 839 1753 TRAIANO
858 1700 1086 1752 IMPERATORI

157 1817 172 1879 1
269 1816 456 1883 Suetonium
486 1816 726 1902 Tranquillum,
759 1817 985 1902 probissimum
1017 1801 1280 1882 honestissimum
1310 1837 1379 1880 cru-

184 1918 517 2001 ditissimum·virum,
548 1921 580 1982 et
602 1940 706 1984 mores
729 1921 796 1984 eius
819 1921 945 1986 secutus
968 1923 1001 1984 et
1021 1919 1127 1984 studia
1155 1917 1377 2002 iampridem,
1445 1970 1447 1977 .

184 2020 310 2084 domine
319 2070 327 2104 ,
349 2021 383 2084 in
401 2020 645 2086 contubernium
660 2022 822 2106 adsumpsi
836 2024 991 2106 tantoque
1006 2021 1110 2106 magis
1126 2021 1261 2106 diligere
1276 2019 1377 2104 coepi,
1445 2040 1447 2047 ·

154 2123 304 2206 2quanto
329 2120 438 2209 [hunc]
464 2123 594 2207 propius
615 2123 752 2209 inspexi.
782 2124 857 2188 huic
879 2123 929 2188 ius
955 2123 1052 2187 trium
1074 2122 1250 2187 liberorum
1271 2143 1378 2186 neces·
1390 2133 1412 2175 1⁵

184 2225 304 2288 sarium
317 2224 444 2288 faciunt
465 2225 546 2289 duae
562 2246 690 2291 causac:
713 2228 837 2290 namet
858 2225 976 2290 iudicia
991 2225 1163 2289 amicorum
1178 2227 1380 2308 promeretur

184 2330 217 2390 et
237 2348 351 2409 parum
372 2325 451 2390 felix
466 2327 707 2392 matrimonium
730 2331 881 2412 expertus
904 2330 952 2393 cst
974 2326 1277 2412 impetrandumque
1293 2347 1313 2389 a
1327 2325 1380 2390 bo·

184 2427 288 2493 nitate
310 2431 367 2493 tua
381 2451 439 2514 per
460 2451 519 2494 nos
534 2429 634 2494 habet
649 2431 733 2514 quod
754 2429 802 2493 illi
823 2429 972 2494 fortunae
987 2427 1171 2511 malignitas
1193 2427 1379 2512 denegavit.

153 2531 265 2614 3scio,
290 2531 432 2614 domine,
456 2535 611 2616 quantum
633 2531 824 2596 beneficium
845 2535 969 2616 petam,
999 2532 1054 2596 sed
1074 2533 1150 2615 peto
1173 2551 1192 2593 a
1214 2532 1265 2613 te,
1290 2528 1379 2594 cuius

183 2633 218 2696 in
246 2633 393 2697 omnibus
424 2633 587 2697 desideriis
615 2633 694 2698 meis
723 2633 959 2719 indulgentiam
988 2618 1143 2718 eirpcrior.
1172 2635 1264 2716 potes
1293 2631 1414 2696 enims

184 2734 349 2819 colligere,
378 2738 498 2819 quanto
525 2757 620 2821 opere
644 2736 786 2820 cupiam,
815 2735 898 2821 quod
920 2758 987 2801 non
1014 2756 1162 2820 rogarem
1189 2735 1326 2818 absens,
1353 2733 1380 2798 si

181 2835 384 2901 mediocriter
406 2858 564 2920 cuperem.

644 3007 742 3074 xcv.
769 3007 910 3094 [xcvi]
967 3050 972 3057 .

614 3129 796 3180 TRAIANUS
820 3128 945 3181 PLINIO

267 3245 369 3320 Quam
390 3267 486 3329 parce
508 3245 588 3310 hacc
609 3246 766 3310 beneficia
787 3245 926 3310 tribuam
941 3245 1066 3330 utique,
1089 3244 1135 3308 mi
1156 3241 1307 3309 Secunde
1331 3255 1414 3309 aa*
1445 3260 1447 3267 '

181 3346 319 3430 rissime‚
343 3346 455 3411 haeret
473 3347 548 3431 tibi,
572 3369 644 3412 cum
666 3347 763 3412 etiam
784 3347 820 3412 in
842 3350 957 3412 senatu
977 3346 1145 3411 adfirmare
1167 3345 1292 3411 soleam
1314 3368 1380 3413 non

181 3450 352 3514 excessisse
374 3471 425 3513 me
448 3472 615 3515 numerum
636 3472 730 3535 quem
752 3450 837 3534 apud
863 3449 1094 3535 amplissimum
1115 3448 1265 3514 ordinem
1288 3450 1380 3515 suffe
1435 3514 1447 3549 ι

90 3608 94 3617 ,
183 3554 309 3615 cturum
335 3551 415 3615 mihi
436 3551 599 3635 professus
626 3575 708 3616 sum.
738 3555 793 3617 tuo
821 3555 931 3616 tamen
959 3551 1113 3617 desiderio
1140 3550 1323 3637 subscripsi
1349 3555 1381 3617 ct

181 3653 304 3717 dedisse
319 3675 370 3717 me
392 3653 442 3718 ius
463 3654 562 3718 trium
576 3653 748 3718 liberorum
763 3650 916 3719 Suetonio
931 3652 1118 3739 Tranquillo
1134 3673 1172 3717 ea
1188 3654 1380 3719 condicione

180 3777 243 3839 qua
265 3755 395 3820 adsuevi
416 3755 530 3819 referri
550 3756 586 3819 in
609 3754 853 3820 commentarios
875 3776 962 3819 meos
983 3755 1072 3820 iussi.
1390 3766 1413 3806 ³⁰

181 3946 382 3953 ,ψ

247 4079 340 4130 XCIII
358 4082 375 4130 4
392 4081 512 4146 ipsorum
532 4079 639 4130 Orellias
719 4083 864 4132 baranum
883 4080 1030 4133 Beroaldus
1048 4093 1065 4130 a
1081 4082 1136 4132 Eia
1152 4096 1221 4132 num
1239 4082 1265 4133 A
1336 4082 1381 4150 qui

180 4149 269 4199 minus
286 4148 408 4199 habeant
426 4165 480 4198 non
497 4149 629 4214 impedire
648 4148 669 4196 Δ
688 4163 741 4212 quo
759 4151 847 4199 miuus
865 4149 971 4201 habeas
993 4149 1126 4214 impedire
1143 4150 1299 4204 Coronaeus
1366 4154 1381 4202 6

181 4222 209 4266 et
226 4217 340 4266 illicitos
358 4232 375 4265 a
444 4219 458 4268 7
478 4217 526 4266 sed
544 4235 591 4270 om.
610 4233 627 4266 a

247 4284 353 4335 XCIIII
371 4285 418 4335 Ius
436 4286 516 4334 trium
536 4286 682 4335 liberorum
702 4286 790 4336 amico
809 4286 878 4350 petit
896 4284 982 4335 .LX.
1000 4286 1023 4334 Δ
1091 4288 1123 4337 19
1142 4285 1207 4352 sed]
1227 4289 1340 4354 quoda

179 4355 212 4402 20
229 4354 297 4402 mels
315 4353 503 4417 plenissimam
522 4353 718 4418 Indulgentiam
737 4367 753 4403 e
822 4350 907 4418 enim]
928 4357 1020 4403 autem
1039 4367 1056 4401 a

248 4420 319 4470 XCV
337 4422 370 4470 28
388 4421 529 4485 professus
547 4437 606 4471 sum
627 4422 769 4472 Coronaeus
786 4435 803 4470 a
820 4422 975 4486 professum
992 4422 1015 4470 A
