3024 5062
448 204 691 253 persustrans
715 205 774 251 vn.
800 201 823 248 ι.
844 200 868 248 s.
891 200 915 247 a.
932 196 966 261 (a
984 196 1041 259 ror)
1283 181 1340 245 187

147 354 236 419 milia
258 355 443 421 inveniendi
464 357 603 422 facultas
625 360 767 441 paratur.
803 357 897 421 simul
920 378 1001 440 quae
1023 355 1186 439 legentem
1211 351 1341 415 fefellis-

146 459 220 522 sent
241 457 490 523 transferentem
516 459 628 545 fugere
651 481 718 523 non
739 463 883 544 possunt.
920 456 1144 542 intellegentia
1166 477 1205 518 ex
1227 453 1287 518 hoc
1310 456 1342 517 et

146 558 298 623 iudicium
314 560 503 644 adquiritur.
535 560 617 626 nihil
631 561 766 630 offuerit
780 582 861 645 quae
883 559 1000 644 legeris
1022 559 1192 639 hactenus,
1216 558 1253 619 ut
1274 558 1370 620 rem3

146 663 437 746 argumentumque
464 665 592 747 teneas,
622 663 711 747 quasi
742 661 900 727 aemulum
924 660 1061 725 scribere
1091 659 1244 742 lectisque
1269 679 1340 721 con-

119 762 230 827 ⁵ferre
253 784 292 828 ac
313 763 422 827 sedulo
443 765 621 849 pensitare,
646 765 722 849 quid
743 768 795 847 tu,
817 764 894 848 quid
915 763 970 827 ille
986 761 1191 828 commodius,
1222 781 1342 845 magna

145 863 338 950 gratulatio,
362 865 390 929 si
411 887 478 930 non
494 865 582 931 nulla
597 870 650 949 tu,
674 887 811 951 magnus
826 865 943 949 pudor,
967 865 994 929 si
1011 866 1126 929 cuncta
1148 862 1202 926 ille
1217 861 1339 925 melius

144 965 257 1030 licebit
290 965 452 1030 interdum
486 971 519 1032 et
550 968 718 1032 notissima
750 968 868 1053 eligere
902 971 935 1031 et
962 969 1084 1031 certare
1114 987 1186 1029 cum
1220 963 1340 1028 electis.

145 1067 250 1132 audax
272 1066 369 1151 haec,
392 1090 459 1134 non
480 1072 591 1134 tamen
612 1070 765 1155 inproba,
789 1072 864 1155 quia
886 1072 1009 1134 secreta
1031 1068 1211 1133 eontentio:
1234 1066 1372 1151 quam-4

145 1191 242 1253 quam
256 1170 374 1235 multos
396 1171 539 1236 videmus
562 1172 735 1237 eiusmodi
758 1172 934 1237 certamina
956 1171 1017 1236 sibi
1041 1192 1112 1235 eum
1127 1170 1227 1234 multa
1250 1167 1342 1232 laude

108 1287 133 1327 1⁰
146 1271 334 1357 sumpsisse,
357 1294 497 1358 quosque
512 1273 660 1363 subsequi
683 1275 762 1339 satis
776 1273 957 1357 habebant,
981 1273 1056 1338 dum
1070 1294 1136 1336 nou
1159 1273 1341 1356 desperant,

146 1374 368 1439 antecessisse.
404 1375 523 1459 poteris
546 1378 681 1460 atquae
703 1376 821 1440 dixeris
844 1378 918 1460 post
939 1376 1132 1441 oblivionem
1154 1375 1373 1456 retractaret

146 1476 250 1541 multa
265 1476 420 1560 retinere,
444 1477 537 1561 plura
552 1479 706 1562 transire,
735 1478 797 1541 alia
812 1479 1053 1560 interscribere,
1077 1478 1140 1541 alia
1155 1476 1341 1542 rescribere.
1436 1557 1440 1562 ᾖ

145 1578 342 1644 laboriosum
363 1578 448 1644 istud
471 1582 504 1643 et
525 1579 630 1644 taedio
652 1580 798 1664 plenum,
822 1579 877 1643 sed
899 1579 1089 1643 difficultate
1111 1579 1181 1663 ipsa
1202 1579 1372 1643 fructuo-h'

131 1702 228 1764 sum,
252 1681 446 1746 recalescere
469 1703 508 1746 ex
529 1681 658 1767 integro
681 1684 714 1746 et
735 1703 895 1746 resumere
919 1682 1073 1765 impetum
1087 1681 1228 1746 fractum
1250 1680 1343 1745 omis·

110 1797 295 1869 usumque,
324 1786 485 1867 postremo
507 1805 590 1847 nova
620 1783 708 1848 velut
728 1784 872 1848 membra
894 1784 1025 1868 peracto
1048 1784 1172 1867 corpori
1198 1784 1342 1847 intexere

145 1906 207 1950 nec
228 1888 340 1949 tamen
361 1885 469 1969 priora
490 1885 631 1950 turbare.
667 1886 734 1950 scio
755 1908 843 1951 nune
868 1885 930 1951 tibi
958 1906 1027 1950 esse
1049 1885 1255 1970 praecipuum
1278 1887 1371 1950 stu-l

146 1986 235 2052 dium
257 1987 386 2071 orandi3
408 1987 545 2052 sednon
566 1988 637 2053 ideo
658 2010 784 2074 semper
805 2009 987 2073 pugnacem
1002 1986 1089 2053 hune
1112 1991 1145 2052 et
1165 1987 1257 2072 quasi
1278 1987 1344 2052 bel-

146 2089 298 2154 latorium
320 2089 430 2154 stilum
452 2090 616 2154 suaserim.
653 2093 690 2154 ut
717 2091 803 2155 enim
831 2094 935 2156 terrae
957 2090 1054 2155 variis
1079 2091 1274 2174 mutatisque
1296 2111 1344 2155 se·

146 2191 304 2275 minibus,
339 2192 386 2256 ita
417 2191 550 2277 ingenia
581 2195 693 2256 nostra
720 2215 807 2257 nunc
839 2192 900 2257 hac
930 2215 1017 2257 nunc
1049 2192 1106 2258 illa
1134 2191 1343 2257 meditatione

115 2292 343 2359 urecoluntur.
374 2293 446 2359 volo
468 2294 630 2359 interdum
652 2295 790 2380 aliquem
817 2317 856 2359 ex
877 2295 1012 2359 historia
1038 2296 1143 2359 locum
1166 2292 1372 2378 adprehen-8

148 2395 222 2479 das,
246 2395 319 2460 volo
341 2395 513 2480 epistulam
539 2395 727 2481 diligentius
750 2396 882 2461 scribas.
919 2420 995 2461 nam
1017 2418 1113 2481 saepe
1139 2397 1173 2460 in
1196 2395 1342 2460 oratione

148 2518 272 2582 quoqne
295 2518 360 2562 non
382 2497 535 2563 historica
549 2499 643 2563 modo
671 2498 726 2564 sed
746 2520 846 2584 prope
868 2500 994 2585 poetica
1015 2499 1266 2583 descriptionum
1288 2519 1343 2562 ne-

149 2599 280 2664 cessitas
302 2599 434 2685 incidit,
465 2602 497 2664 et
519 2622 646 2685 pressus
669 2623 772 2665 sermo
794 2623 954 2687 purusque
977 2623 1015 2665 ex
1043 2601 1189 2686 epistulis
1211 2599 1341 2686 petitur.

148 2701 196 2766 fas
220 2705 270 2767 est
291 2705 324 2767 et
346 2703 488 2793 carmine
503 2704 640 2786 remitti,
664 2725 731 2767 non
753 2704 823 2768 dieo
839 2704 990 2768 continuo
1013 2706 1045 2767 et
1067 2703 1165 2788 longo
1188 2702 1234 2787 (id
1257 2703 1372 2766 enimi)

114 2804 260 2888 ²⁶perfici
282 2804 346 2869 nisi
367 2805 402 2869 in
426 2805 493 2869 otio
514 2826 582 2870 non
611 2807 749 2890 potest),
772 2806 827 2870 sed
849 2806 909 2870 hoe
932 2808 1047 2890 arguto
1070 2808 1103 2869 et
1123 2804 1230 2889 brevi,
1258 2804 1340 2889 quod

149 2908 223 2990 apte
239 2909 377 2991 quantas
399 2906 478 2971 libet
495 2908 722 2992 occupationes
738 2930 890 2992 curasque
906 2907 1087 2993 distinguit.
1118 2907 1205 2973 lusus
1226 2928 1342 2972 vocan·
1357 2910 1394 2972 lu

149 3011 216 3092 tur3
244 3009 300 3073 sed
327 3008 362 3073 hi
390 3009 478 3074 lusus
506 3031 573 3075 non
602 3010 759 3075 minorem
787 3010 947 3074 interdum
974 3010 1109 3095 gloriam
1137 3031 1232 3094 quam
1261 3009 1344 3074 seria

150 3113 396 3196 consequuntur.
433 3113 528 3196 atque
551 3111 629 3176 adeo
651 3115 722 3196 (cur
750 3113 836 3176 enim
863 3115 896 3176 te
919 3112 958 3176 ad
982 3134 1090 3177 versus
1111 3132 1178 3177 non
1199 3111 1343 3177 versibus

149 3213 337 3297 adhorterl)

124 3328 138 3366 ⁰
275 3315 404 3380 utlaus
427 3320 605 3400 estserae,
629 3316 735 3383 mollis
758 3317 935 3402 cedensque
958 3321 1109 3402 sequatur
1356 3317 1392 3381 ll

319 3416 347 3480 si
369 3418 479 3483 doctos
501 3419 621 3504 digitos
642 3419 791 3503 iussaque
812 3420 871 3484 fiat
892 3440 981 3504 opus,

219 3640 446 3708 lparaturipr*
516 3643 725 3708 ‘iintellegenti
744 3646 787 3706 Dp
856 3644 970 3708 tquasi
995 3643 1141 3694 ersluml)
1211 3645 1269 3694 tsi
1288 3661 1342 3696 uon

150 3711 227 3763 nulla
238 3715 269 3761 tu
281 3710 329 3762 I'r
340 3718 366 3762 et
377 3713 477 3763 cedices
491 3712 575 3764 Medii
592 3720 694 3763 novant.
713 3714 770 3766 lect.
785 3715 817 3762 92
839 3713 910 3760 (irat.
928 3715 1003 3774 lamp.
1027 3713 1055 3760 V
1066 3729 1094 3777 p.
1114 3714 1174 3770 242,
1193 3727 1247 3762 non
1266 3712 1343 3762 nulla

152 3785 208 3830 tum
225 3781 267 3842 Dp
286 3781 311 3829 si
328 3779 461 3830 nonnulla
480 3786 537 3830 tum
555 3792 594 3837 ςο.
679 3783 775 3830 tcum
793 3781 881 3831 orn.l>
967 3779 1124 3830 9uidemns
1142 3792 1223 3842 ora.p
1311 3784 1343 3831 10

157 3861 274 3915 quosque
291 3850 382 3902 Erga
399 3862 466 3912 quos
484 3850 505 3896 n
525 3863 666 3912 quousque
684 3862 701 3912 p
753 3848 895 3898 habebunt
912 3862 926 3895 r
1028 3849 1058 3897 11
1078 3851 1206 3912 poterunt
1226 3850 1254 3899 et
1272 3863 1342 3912 quae

160 3916 308 3967 ltxeruntr
381 3917 412 3964 12
431 3914 555 3965 detinere
572 3918 596 3964 a'
675 3916 766 3983 plura]
785 3915 871 3966 multa
889 3917 933 3978 Dp
1020 3916 1051 3965 16
1069 3912 1133 3980 tibi]
1153 3918 1180 3964 te
1197 3916 1241 3976 up
1312 3917 1343 3966 17

167 3983 283 4034 ellurum
301 3985 343 4045 Dp
413 3985 445 4034 18
462 3987 572 4047 terrap
642 3986 673 4035 19
691 3984 740 4035 illa
757 3984 827 4038 Ητς
844 3982 912 4033 illac
930 3985 997 4046 Ilpa
1064 3981 1274 4045 medietatemp

170 4054 182 4102 1
201 4050 321 4108 scribas,
343 4049 406 4132 uqlo
429 4052 636 4132 carminantem
654 4065 671 4107 ς
776 4054 806 4101 in
829 4052 954 4134 oratione
979 4065 1086 4116 quoque
1104 4062 1140 4105 ῖς
1157 4051 1186 4101 in
1203 4051 1343 4102 crationes

175 4120 668 4253 qqqqulnqpippuqrspppqecrqptqqnq
685 4188 717 4250 D)
732 4123 818 4237 ἓ121111)
820 4119 1156 4239 Πηξΐτ1ι1111111101110111ᾱ
1167 4133 1344 4253 ebiberetis

186 4255 264 4307 etius
281 4255 465 4320 descriptione
483 4271 499 4318 p
518 4272 572 4306 non
589 4255 735 4306 historicae
755 4256 900 4319 (historice
912 4257 937 4319 r)
955 4256 1034 4306 modo
1052 4256 1100 4305 sed
1113 4270 1197 4321 prope
1216 4257 1343 4320 poeticae

187 4324 271 4375 retice
289 4323 313 4385 r)
332 4323 525 4388 descriptionis
542 4335 577 4378 rs
595 4332 620 4374 et
633 4325 717 4375 codsa
735 4325 819 4376 Medii
836 4328 852 4375 l.
871 4341 893 4376 e.
946 4326 980 4375 25
997 4322 1123 4388 proficir
1175 4325 1208 4373 26
1227 4331 1343 4387 quanta-

192 4396 220 4442 et
238 4391 469 4456 occupationisl)
537 4392 713 4510 distringitp
782 4395 938 4443 uocaturll
1007 4393 1040 4443 30
1057 4388 1130 4458 laus]
1151 4390 1276 4454 laetusp

197 4457 241 4526 ae]
263 4474 377 4511 caesare
393 4462 436 4521 up
506 4462 538 4512 31
556 4456 617 4527 fiat]
657 4464 725 4527 ngat
742 4472 777 4515 τς
