3024 5062
591 287 621 335 0.
645 287 741 334 PLINI
765 289 808 334 ET
832 287 975 334 TRAIANI

586 525 753 590 aaran
766 525 802 589 a.
827 525 975 611 [rum]

467 647 497 697 0.
517 647 666 699 PLINIUS
685 646 842 698 TRAIANO
866 645 1092 697 IMPERATORI

154 759 175 821 2
271 786 416 850 ...quam
428 787 465 828 ea
480 785 561 848 quae
574 765 681 846 speret
694 763 888 827 instructum
904 762 1089 827 commilitio
1100 766 1167 848 tuo,
1185 764 1274 828 euius
1287 765 1379 830 disci-

184 867 292 951 plinae
315 866 410 930 dehet
430 865 514 950 quod
535 863 738 949 indulgentia
758 867 815 927 tua
829 863 946 949 dignus
959 868 1017 930 est.
1049 865 1134 949 apud
1149 888 1199 930 me
1214 869 1247 929 et
1261 866 1380 930 milites

185 973 217 1032 et
231 968 363 1053 pagani,
381 990 400 1031 a
416 967 528 1051 quibus
544 966 668 1031 iustitia
683 966 750 1030 eius
766 968 798 1030 et
813 965 998 1031 humanitas
1014 967 1143 1051 penitus
1158 968 1306 1052 inspecta
1322 971 1405 1052 esta

186 1071 332 1134 certatim
360 1070 388 1133 ei
411 1091 474 1154 qua
502 1068 737 1152 privatimque
760 1068 887 1152 publice
919 1069 1104 1133 testimonia
1126 1069 1379 1153 partribuerunt.

184 1172 267 1257 quod
289 1171 324 1235 in
346 1171 497 1235 notitiam
519 1173 607 1234 tuam
629 1169 755 1254 perfero
778 1190 816 1233 ea
837 1169 899 1234 fide
922 1192 1017 1254 quam
1039 1169 1100 1234 tibi
1123 1170 1232 1235 debeo,

586 1337 780 1404 nnrrvn.
811 1337 973 1428 [xvim]

464 1461 494 1512 O.
513 1461 662 1512 PLINIUS
682 1460 845 1512 TRAIANO
864 1461 1093 1513 IMPERATORI
1141 1544 1144 1551 .

157 1575 173 1637 1
269 1579 500 1666 Nymphidium
523 1577 664 1663 Lupum,
689 1576 831 1660 domine,
855 1577 1104 1663 primipilarem,
1128 1580 1380 1646 commilitonem
1392 1606 1415 1645 ιο

184 1683 297 1765 habui,
323 1682 476 1764 cumipse
491 1679 639 1744 tribunus
655 1702 757 1745 essem
763 1729 772 1762 ,
795 1678 850 1744 ille
864 1679 1056 1764 praefectus.
1086 1680 1161 1746 inde
1176 1682 1379 1748 familiariter

184 1784 318 1869 diligere
342 1783 441 1867 coepi.
474 1784 574 1848 crevit
594 1786 707 1866 postea
730 1781 848 1846 carItas
874 1781 945 1866 ipsa
967 1785 1097 1848 mutuae
1119 1786 1279 1849 vetustate
1302 1785 1379 1850 ami-

154 1879 291 1950 2citiae.
326 1886 434 1970 itaque
463 1887 495 1948 et
522 1883 622 1969 quieti
651 1883 718 1948 eius
746 1884 842 1948 inieci
870 1906 1002 1948 manum
1029 1887 1062 1949 et
1090 1886 1183 1970 exegi
1208 1889 1244 1950 ut
1266 1909 1317 1950 me
1344 1887 1379 1951 in

186 1987 341 2072 Bithynia
364 1987 497 2051 consilio
519 1986 703 2050 instrueret.
740 1985 824 2071 quod
850 1985 905 2051 ille
928 1985 1120 2052 amicissime
1142 1991 1175 2052 et
1196 1988 1256 2053 otii
1278 1991 1311 2054 et
1331 2010 1378 2054 se-

153 2082 323 2155 3nectutis
345 2089 470 2154 ratione
491 2088 671 2173 postposita
694 2091 726 2152 et
747 2089 813 2152 iarn
839 2088 919 2152 fecit
942 2092 975 2152 et
1001 2088 1146 2154 facturus
1175 2093 1233 2155 est.
1265 2090 1410 2176 quibusa

184 2214 222 2255 ex
238 2192 341 2256 causis
356 2191 608 2255 necessitudines
624 2189 691 2254 eius
712 2189 797 2254 inter
810 2211 898 2254 meas
913 2211 1064 2274 numero,
1089 2191 1190 2255 filium
1205 2192 1240 2256 in
1256 2193 1377 2276 primis,

183 2293 415 2379 Nymphidium
444 2294 585 2378 Lupum,
615 2292 763 2357 iuvenem
792 2291 928 2375 probum
961 2291 1158 2357 industrium
1191 2297 1223 2357 et
1246 2295 1376 2379 egregio

183 2399 288 2478 patrer
297 2395 536 2481 dignissimum,
563 2395 770 2459 suffecturum
791 2392 1013 2478 indulgentiae
1035 2396 1126 2478 tuae,
1158 2395 1243 2460 sicut
1264 2396 1375 2480 primis

183 2498 250 2562 eius
273 2496 498 2582 experimentis
522 2516 715 2581 cognoscere
730 2498 835 2579 potes,
860 2516 932 2559 cum
947 2495 1127 2578 praefectus
1150 2495 1291 2562 cohortis
1313 2497 1374 2582 ple·

183 2599 351 2664 nissimum
371 2599 592 2663 testimonium
613 2597 765 2662 meruerit
786 2595 848 2660 Iuli
864 2595 990 2661 Ferocis
1013 2600 1045 2661 et
1066 2596 1161 2662 Fusci
1177 2597 1372 2682 Salinatoris,
1384 2623 1405 2662 ro

184 2702 432 2766 clarissimorum
453 2701 603 2765 virorum.
634 2720 741 2764 meum
762 2698 915 2784 gaudium
937 2720 1103 2784 meamque
1125 2699 1373 2786 gratulationem

181 2804 240 2867 filii
262 2803 382 2868 honore
405 2803 586 2868 continebo.

538 2971 748 3039 narrum.
768 2971 1019 3060 [cxxxviiii]

463 3096 492 3146 C.
511 3095 660 3147 PLINIUS
679 3095 839 3146 TRAIANO
859 3095 1088 3148 IMPERATORI

269 3212 370 3297 Opto,
394 3212 537 3295 domine,
563 3216 595 3276 et
617 3211 703 3275 hunc
720 3211 863 3276 natalem
885 3215 917 3276 et
932 3211 1086 3296 plurimos
1110 3211 1190 3277 ahos
1212 3234 1309 3297 quam
1329 3212 1401 3276 fe-rs

183 3313 351 3378 licissimos
374 3335 452 3399 agas
476 3317 669 3399 aeternaque
690 3313 785 3377 laude
806 3312 973 3379 florentem
994 3314 1124 3378 virtutis
1145 3316 1222 3378 tuae
1240 3314 1370 3399 gloriam

155 3439 161 3444 ·
185 3413 302 3504 [quam]
326 3415 494 3481 incolumis
517 3419 549 3480 et
574 3415 667 3480 fortis
690 3415 762 3479 aliis
784 3438 880 3500 super
902 3416 966 3481 elia
988 3415 1136 3500 operibus
1159 3437 1290 3501 augeas.

252 3744 425 3795 LXXXVIB
444 3745 459 3794 6
478 3745 639 3795 testimonia
658 3745 804 3796 Beroaldus
823 3744 1016 3796 testimonioA
1034 3743 1218 3795 testimonium
1231 3743 1369 3795 Coronaeus

183 3829 199 3863 a
267 3813 454 3864 retribuerunt
473 3814 616 3864 Balaaaeus

251 3948 406 3999 LXXXVII
425 3950 457 3999 13
476 3953 557 4016 exegi
574 3955 605 4000 ut
623 3965 666 4000 me
684 3964 700 3998 a
719 3951 796 3999 exirit
813 3965 855 3999 me
872 3951 895 3999 A
913 3951 1004 4004 exeiui
1020 3954 1052 4000 ut
1069 3966 1111 4000 me
1134 3949 1280 4000 Beroaldus

169 4020 216 4068 '14
234 4018 385 4068 Instrueret
403 4031 419 4065 a
437 4022 575 4069 extrueret
591 4017 615 4067 A
684 4019 715 4068 16
734 4017 983 4069 necessitudinesa
1001 4018 1216 4069 necessitudinis
1234 4019 1257 4066 A
1324 4032 1368 4066 nu·

183 4102 257 4136 mero
276 4092 304 4135 et
322 4085 442 4134 filinma
545 4089 576 4136 17
604 4083 811 4152 Nymphidium]
832 4101 911 4136 nouae
929 4089 1053 4151 epistulae
1070 4087 1166 4135 initium
1180 4087 1211 4135 'in
1228 4086 1265 4144 A;
1291 4085 1370 4150 priori

182 4156 369 4205 continuantia
438 4156 470 4204 18
488 4155 583 4218 primis
601 4154 745 4204 Batauaeus
763 4167 779 4203 a
796 4155 899 4218 primus
917 4154 943 4202 A.
1018 4156 1051 4204 20
1069 4153 1134 4203 Iulii
1151 4167 1168 4201 a
1237 4155 1268 4203 21
1288 4168 1368 4202 meum

182 4222 312 4288 gaudium
331 4223 439 4272 domine
457 4238 544 4272 meam
563 4221 776 4287 gratulationem
793 4236 810 4270 a
869 4224 901 4272 22
919 4222 1021 4272 honore
1041 4223 1215 4272 continerent
1232 4222 1256 4271 Δ
1273 4221 1368 4271 honore

183 4291 350 4342 continerem
369 4290 515 4342 Beroaldus
532 4290 635 4341 honore
655 4290 809 4341 continebis
827 4290 971 4340 Calanaeus
993 4290 1110 4340 honores
1128 4290 1289 4340 continuent
1307 4289 1367 4340 Ges·

182 4375 258 4409 aeras

250 4497 418 4548 LXXXVIII
436 4497 477 4547 Ob
497 4496 568 4548 diem
587 4497 716 4548 Natalem
734 4497 846 4552 ,LVII.
864 4492 887 4546 A
989 4497 1023 4547 26
1045 4491 1161 4563 gloriam
1181 4502 1210 4549 et
1228 4496 1369 4550 incolumis

183 4564 339 4616 Calanaeus²
407 4568 439 4615 27
459 4581 564 4630 augeae
584 4565 739 4617 Calanaeus²
758 4565 875 4631 augebis
892 4567 915 4614 A
1334 4569 1336 4573 ‘
