3024 5062
213 269 274 334 134
728 281 758 329 c.
782 282 879 328 amm
905 250 908 255 ¹

211 440 347 503 alterum
369 438 487 520 oratio,
516 437 653 500 alterum
680 434 816 499 historia
843 437 913 515 est..
946 433 997 497 his
1025 455 1064 498 ex
1087 433 1191 498 causis
1213 453 1280 497 non
1302 431 1400 496 addu-

211 562 265 605 cor
291 543 327 604 ut
354 540 415 604 duo
438 538 604 603 dissimilia
626 540 658 600 et
686 537 747 601 hoc
768 537 838 620 ipso
860 536 1002 619 diversa,
1032 535 1117 620 quod
1143 534 1300 617 maxima,
1330 555 1404 598 cou-

211 642 343 705 fundam
364 641 594 724 misceamque,
624 660 665 703 ne
687 641 781 702 tanta
802 639 892 722 quasi
915 637 1093 702 colluvione
1115 637 1262 702 turbatus
1289 635 1336 699 ibi
1357 635 1403 698 fa-

212 743 295 806 ciam
316 743 400 826 quod
422 742 475 806 hic
492 742 606 824 debeo;
629 742 761 824 ideoque
776 739 907 804 interim
921 740 1065 823 veniam,
1088 761 1130 804 ne
1153 762 1172 803 a
1196 738 1275 802 meis
1297 737 1404 802 verbis

162 843 373 925 lirecedam,
396 843 572 907 advocandi
594 846 679 926 peto.
724 845 890 906 tutamen
918 842 983 905 iam
1005 864 1094 906 nunc
1116 842 1224 926 cogita
1245 862 1326 924 quae
1349 858 1429 923 pos

210 946 369 1009 tissimum
390 948 535 1029 tempora
558 944 739 1029 aggrediar.
775 947 885 1008 vetera
907 947 940 1008 et
961 944 1082 1027 scripta
1103 942 1198 1006 aliis?
1219 944 1334 1027 parata
1356 943 1404 1004 in-

211 1047 356 1131 quisitio,
380 1049 435 1112 sed
457 1068 590 1111 onerosa
614 1046 757 1111 collatio:
780 1047 905 1111 intacta
926 1049 960 1110 et
980 1044 1087 1110 nova?
1115 1065 1230 1131 graves
1252 1044 1403 1127 offensae,

164 1149 288 1213 l3levis
317 1149 434 1234 gratia.
484 1171 561 1213 nam
588 1152 716 1233 praeter
748 1148 781 1211 id
813 1147 894 1232 quod
930 1149 966 1211 iu
997 1148 1097 1212 tantis
1125 1146 1211 1211 vitiis
1238 1146 1405 1210 hominum

210 1251 302 1334 plura
324 1249 483 1332 culpanda
505 1253 580 1313 sunt
601 1271 697 1333 quam
712 1249 889 1332 laudanda,
912 1252 998 1331 tum,
1022 1250 1050 1312 si
1064 1247 1254 1332 laudaveris,
1277 1269 1404 1331 parcus,

210 1352 238 1414 si
267 1351 460 1434 culpaveris,
489 1351 608 1415 nimius
635 1351 734 1415 fuisse
763 1350 893 1434 dicaris,
928 1351 1072 1433 quamvis
1099 1349 1178 1414 illud
1206 1348 1403 1433 plenissime,
1419 1370 1444 1408 m

163 1452 201 1515 14
211 1453 271 1516 hoc
294 1453 530 1517 restrictissime
551 1452 677 1516 feceris.
709 1452 765 1516 scd
786 1452 866 1516 haec
888 1473 1020 1516 menon
1042 1451 1224 1515 retardant:
1247 1453 1297 1515 est
1318 1450 1405 1515 euim

210 1554 289 1617 mihi
311 1576 369 1637 pro
391 1555 453 1618 lide
476 1554 555 1618 satis
578 1554 687 1618 animi.
723 1553 802 1618 illud
823 1557 914 1638 pete,
937 1556 1143 1637 praesternas
1165 1553 1205 1616 ad
1227 1553 1312 1636 quod
1334 1553 1406 1616 hor·

209 1656 287 1720 taris
311 1655 473 1740 eligasque
496 1656 680 1738 materiam,
702 1677 743 1719 ne
763 1653 843 1718 mihi
866 1654 931 1718 iam
952 1654 1092 1718 scribere
1114 1657 1229 1738 parato
1251 1653 1316 1718 alia
1337 1676 1405 1717 rur-

210 1780 263 1821 sus
287 1758 501 1822 cunctationis
523 1761 556 1822 et
577 1779 685 1822 morae
706 1759 793 1821 iusta
814 1757 897 1820 ratio
919 1760 1081 1821 nascatur.
1126 1757 1207 1821 vale.

609 1926 716 1991 VlHl.
752 1925 871 2012 [XXI.)
895 1936 931 2013 (a.⁴
946 1936 1005 2002 105)

582 2048 612 2099 u.
630 2048 775 2099 PLINIUS
792 2048 891 2099 suro
911 2047 980 2098 suo
1000 2047 1029 2099 S.

184 2166 198 2225 1
295 2164 531 2228 Descenderam
553 2165 588 2227 in
603 2164 770 2228 basilicam
792 2163 923 2247 luliam,
948 2164 1113 2228 auditurus
1129 2164 1244 2248 quibus
1258 2165 1406 2248 proxima

180 2266 547 2350 2comperendinatione
574 2266 765 2349 respondere
787 2266 953 2330 debebam.
997 2266 1153 2330 sedebant
1180 2266 1317 2351 iudices,
1355 2268 1406 2332 de·

212 2368 342 2432 cemviri
375 2370 546 2450 venerant,
580 2367 835 2432 obversabantur
867 2366 1030 2451 advocati,
1065 2368 1229 2432 silentium
1260 2369 1406 2459 longum,

211 2469 340 2534 tandem
369 2493 388 2533 a
420 2471 569 2554 praetore
601 2469 745 2532 nuntius.
788 2468 995 2533 dimittuntur
1023 2471 1227 2554 centumviri,
1255 2471 1407 2536 eximitur
1420 2492 1447 2531 ao

212 2570 295 2654 dies,
329 2592 380 2635 me
412 2571 589 2656 gaudente,
625 2570 680 2654 qui
706 2556 881 2654 numquam
908 2570 955 2634 ita
987 2573 1120 2655 paratus
1153 2593 1240 2655 sum,
1275 2575 1312 2637 ut
1339 2596 1406 2639 non

181 2672 300 2736 3mora
320 2672 431 2737 laeter.
462 2694 558 2738 causa
580 2672 744 2737 dilationis
759 2671 867 2755 Nepos
889 2675 1034 2758 praetor,
1058 2673 1113 2757 qui
1127 2673 1253 2759 legibus
1269 2676 1404 2759 quaerit.

1422 1980 1446 2018 15

281 2898 294 2945 l
313 2900 356 2945 est
373 2895 416 2945 his
435 2911 469 2946 ex
487 2897 578 2948 causis
596 2899 644 2945 Ha
662 2900 690 2946 et
709 2911 742 2946 ex
760 2895 803 2946 his
822 2897 912 2946 causis
930 2899 993 2960 iipr
1011 2913 1045 2948 ex
1061 2897 1106 2947 his
1126 2898 1219 2949 causis
1237 2910 1254 2954 ς
1288 2899 1408 2950 adducor

211 2966 282 3021 152.
300 2963 494 3025 abducoerr
545 2965 671 3030 iipsar
721 2965 897 3028 quodllpsa
920 2968 1018 3030 quoii
1037 2966 1175 3030 quidemr
1237 2967 1406 3018 confundam

211 3046 289 3086 ona.r
340 3033 505 3083 3misceam
523 3048 557 3082 ne
576 3035 693 3082 tantali
744 3033 895 3098 lideoque
915 3034 1023 3083 interim
1040 3034 1149 3082 ueniam
1170 3038 1198 3083 et
1217 3033 1296 3098 (uta)
1310 3052 1345 3086 ne
1358 3038 1408 3085 Ia

213 3116 283 3165 quae
302 3100 413 3149 interim
433 3102 526 3149 ueniet
543 3115 577 3150 ne
595 3102 638 3162 Dp
656 3100 703 3150 sed
721 3103 832 3150 interim
850 3101 944 3152 ueniet
968 3117 1002 3150 ne
1021 3115 1035 3148 r
1052 3101 1098 3151 sed
1115 3102 1225 3152 interim
1243 3105 1353 3152 ueniam
1370 3121 1405 3155 ne

213 3170 356 3218 Gotunueus
426 3184 442 3217 a
461 3169 529 3217 meis
547 3167 639 3216 uerbis
657 3169 685 3215 1
703 3184 719 3218 a
738 3169 894 3219 forensibus
916 3170 1009 3220 uerbis
1026 3171 1111 3230 Ilpra
1179 3169 1407 3222 5aduocandum

211 3251 224 3283 r
276 3237 330 3285 iam
348 3250 420 3284 nunc
438 3236 502 3298 Dpa
524 3236 605 3285 immo
623 3250 696 3284 nunc
716 3238 743 3283 Π
765 3249 892 3291 sunere
944 3239 1037 3302 cogita
1056 3252 1126 3301 quae
1144 3238 1320 3302 potissimum
1339 3244 1406 3291 iem-

211 3318 279 3368 pora
298 3301 461 3366 (temporum
479 3303 503 3366 r)
522 3304 604 3364 Dpra
622 3303 768 3368 cogitaque
806 3305 957 3354 ctissimum
977 3320 1029 3369 quo
1048 3308 1175 3370 ternpore⁸
1188 3307 1216 3353 1
1271 3309 1287 3356 6
1306 3323 1406 3374 aggre-

212 3372 273 3420 diar
290 3372 357 3418 lira
375 3370 569 3436 aggrediamur
586 3373 652 3432 lips
723 3321 803 3437 aliisi
819 3372 910 3422 mallis
928 3374 955 3420 Η
1042 3371 1136 3439 ised]
1154 3378 1198 3424 set
1215 3375 1243 3421 Π
1312 3378 1407 3440 grauis

212 3441 239 3486 Μ
307 3440 461 3503 8gratiam
479 3440 506 3485 Μ
591 3454 654 3488 nam
672 3443 784 3504 praeter
801 3439 829 3488 id
848 3440 919 3504 quod
936 3442 963 3488 H
981 3456 1044 3489 nam
1063 3441 1196 3505 praeterii
1214 3442 1284 3507 quod
1302 3456 1318 3492 a
1336 3444 1409 3495 hanc

212 3510 353 3571 praeterea
372 3506 442 3570 quod
460 3507 503 3569 Dp
529 3511 674 3571 praeterea
697 3507 806 3572 quidem
824 3522 837 3556 r
855 3514 1009 3642 praeterea
1036 3507 1107 3575 quod
1130 3521 1147 3565 ς
1172 3514 1315 3574 praetereo
1334 3511 1408 3576 quod

213 3575 352 3624 Gruterus:
371 3576 406 3637 cf.
423 3590 516 3639 paneq.
536 3578 601 3626 add
619 3583 688 3626 extr.
759 3578 853 3625 titum
893 3581 922 3625 tu
943 3576 1109 3628 Mommreuus
1178 3579 1210 3628 10
1229 3581 1354 3643 quamvis
1372 3606 1407 3618 ·-

211 3642 309 3692 feceris
327 3655 408 3703 emp
505 3644 536 3691 11
555 3641 606 3692 hoc
625 3643 832 3692 restrictissime
851 3660 897 3697 om.
916 3646 956 3693 1:
983 3646 1017 3706 cf.
1036 3646 1108 3707 infra
1127 3649 1160 3694 14
1253 3646 1301 3696 sed
1319 3647 1404 3717 haec]

211 3711 278 3760 haec
295 3713 385 3760 autem
403 3724 418 3773 p
487 3711 629 3760 retardant
646 3713 694 3759 Ha
711 3711 823 3760 tardant
841 3715 903 3774 Dpr
973 3713 1003 3762 12
1022 3713 1088 3763 mihi
1105 3714 1240 3779 profunde
1258 3716 1327 3766 satis
1345 3733 1406 3768 cum

211 3778 278 3827 illud
296 3791 311 3826 r
395 3782 572 3842 praesternas
589 3780 638 3827 Ia
655 3783 817 3843 praestruas
834 3792 874 3842 pq
891 3783 1035 3845 prostruas
1052 3795 1065 3828 r
1083 3787 1231 3846 praestuas
1249 3785 1285 3835 n:
1304 3785 1340 3848 cf.
1357 3803 1407 3850 po-

212 3862 267 3910 nep.
286 3862 308 3895 e.
329 3849 363 3895 31
416 3848 447 3897 13
465 3847 520 3895 iam
538 3859 555 3895 s
573 3862 632 3896 eam
650 3848 678 3894 1
696 3851 754 3898 tam
771 3849 834 3909 Dpr
887 3849 919 3897 14
932 3847 1129 3916 cunctationis]
1149 3866 1210 3902 eum
1227 3853 1255 3899 1
1306 3869 1405 3905 nasca-

212 3919 256 3963 tur
275 3913 328 3962 hoc
347 3913 521 3964 strictissime
540 3914 602 3964 uale
621 3915 649 3961 1

288 3981 370 4032 VIIII
404 3982 544 4032 Proximus
570 3985 691 4046 epistulas
716 3983 763 4034 boc
785 3985 876 4033 ordine
902 3985 1042 4048 dispositas
1068 3983 1160 4034 tutent
1185 3987 1283 4051 lipia,
1311 3991 1337 4040 8.
1364 3992 1405 4040 21,

213 4052 252 4100 15.
273 4051 381 4099 10-14.
401 4051 509 4100 16-20,
529 4052 552 4099 9.
572 4051 684 4101 Medr‘cei
704 4053 801 4102 codicis·
823 4053 900 4110 ordo,
925 4068 996 4118 quem
1017 4053 1132 4110 restitui,
1156 4055 1232 4103 etium
1254 4058 1281 4105 in
1298 4057 1404 4108 Rieear-

212 4119 288 4168 diano
304 4118 387 4180 fuisse
405 4120 519 4168 uidetur:
537 4120 572 4181 ef.
592 4135 633 4182 ep.
654 4122 693 4172 15.
711 4122 745 4169 21
793 4121 824 4168 16
836 4119 935 4170 RUFO
953 4136 1000 4171 om.
1019 4121 1047 4169 Η
1100 4121 1131 4169 18
1145 4119 1294 4172 decemuiri
1311 4126 1405 4189 EDpr

213 4185 379 4235 centumuiri
397 4198 435 4240 ςο,
505 4188 536 4235 19
555 4187 777 4237 obuersabanta
846 4187 1061 4243 aduocatilss
1079 4188 1223 4239 aduocatis
1241 4192 1304 4254 Dpr
1372 4196 1405 4244 20

213 4253 359 4303 dimittitur
378 4253 446 4304 Cum
465 4255 593 4303 eximitur
607 4254 624 4300 'r
692 4257 724 4303 22
742 4270 818 4304 mora
838 4255 993 4306 lactariis
1011 4256 1151 4308 moraliter
1168 4258 1211 4320 Dp
1230 4273 1319 4309 morer
1336 4272 1372 4316 τς

266 4336 365 4371 causas
384 4337 397 4370 r
465 4327 577 4386 praetor
593 4324 676 4383 Dpra
692 4326 784 4387 preter
802 4324 829 4372 il
847 4329 960 4388 praetor
977 4324 1033 4375 des.
1053 4337 1070 4380 ς
1156 4326 1202 4389 qui
1220 4325 1329 4392 lagida
1348 4344 1404 4391 mn-

213 4388 321 4438 neribus
340 4394 539 4455 praeposuerat
557 4390 697 4441 Siatardus
714 4399 739 4442 et
758 4391 946 4442 ‘membranae’
970 4393 1056 4445 Medii
1077 4401 1178 4447 acuunt.
1202 4397 1259 4448 le'ct.
1280 4400 1313 4446 51
1333 4397 1403 4452 Grut.

212 4458 336 4575 graphi)
353 4474 378 4531 p.
398 4459 461 4525 136,
479 4461 545 4510 ande
564 4459 611 4523 qui
634 4457 696 4523 lege
719 4458 751 4510 dc
768 4460 927 4510 muneribus
950 4461 1061 4526 quaerit
1078 4464 1240 4514 coniecerunt
1257 4463 1363 4527 Medius
1380 4471 1405 4516 et

233 4540 296 4575 esau
314 4540 376 4575 onas
419 4558 422 4564 -
