3024 5062
659 217 869 335 PRAEFATIO.
1269 291 1360 337 XXIII

162 445 298 518 scriptas
319 446 351 504 in
375 445 477 505 Gallia
494 446 669 518 dilipenter,
700 450 734 504 ut
750 442 832 516 facit
852 446 967 514 omnia,
991 451 1020 503 et
1040 462 1095 505 sex
1116 447 1181 506 alia
1204 449 1360 508 uolumina

163 547 360 620 epistolarum
377 548 495 622 partim
516 563 609 607 manu
622 549 754 621 scripta,
773 548 892 621 partim
906 547 1052 621 impressa
1068 547 1200 622 quidem,
1224 551 1360 611 sedeam

164 648 298 722 antiquis
319 650 431 709 collata
452 650 688 723 exemplaribus,
717 650 761 708 ad
780 664 826 707 me
847 649 912 722 r‘pse
937 664 994 708 sua
1014 655 1133 724 sponte,
1164 665 1242 725 puae
1267 653 1361 727 lpsitn

164 756 207 810 est
228 765 304 823 erpa
331 752 479 812 studiosos
502 752 614 811 omneis
635 751 850 818 beneuolentia,
879 749 1107 826 adportanerit,
1132 752 1222 827 idque
1243 753 1362 815 biennio

74 870 82 882 ·
163 856 234 911 ante
255 867 346 926 quam
368 859 401 911 tu
421 854 518 926 ipsum
533 853 607 912 mibi
620 854 777 926 exemplar
786 852 1007 927 publicandum
1027 854 1214 914 tradidisses.
1237 854 1361 916 Exeunt

163 955 258 1026 ipitur
278 953 337 1012 bae
358 954 452 1014 Plinii
471 955 615 1029 epistolae
637 956 668 1015 in
690 970 798 1014 manus
819 956 1008 1014 literatorum
1030 961 1059 1015 et
1080 961 1147 1029 tua,
1177 961 1207 1016 et
1227 956 1363 1018 Iucundi

142 1057 262 1114 ‘nostri
282 1057 313 1114 in
336 1057 404 1117 illos
426 1056 647 1129 beneuolentia,
678 1055 943 1117 emendatissimae.
968 1055 1031 1116 Sed
1050 1059 1193 1132 quoniam
1219 1060 1359 1133 epistolas

164 1157 272 1216 decimi
291 1157 376 1232 libri,
402 1174 480 1232 quae
501 1159 674 1218 scribuntur
696 1158 740 1217 ad
764 1155 928 1217 Traianum
952 1157 1186 1234 Imperatorem,
1216 1164 1361 1235 santoni

163 1273 223 1318 non
255 1275 319 1319 esse
349 1260 442 1319 Plinii
465 1265 591 1334 putant,
617 1267 676 1319 tum
705 1261 777 1334 quia
797 1261 887 1336 stplo,
925 1266 955 1319 et
982 1261 1132 1333 elepantia
1156 1261 1297 1323 diuersae
1319 1265 1357 1324 ab

165 1362 234 1420 aliis
270 1361 435 1435 uidentur,
479 1366 540 1422 tum
577 1362 667 1420 ctiam
703 1363 776 1435 qula
810 1366 935 1436 praeter
975 1362 1131 1422 doctorum
1169 1365 1357 1425 consuetudi-

163 1478 243 1531 nem,
279 1462 408 1522 Domine
429 1463 512 1522 dieat
540 1463 655 1522 Plinius
684 1462 728 1521 ad
757 1459 925 1522 Traianum
958 1463 1105 1536 scribens,
1145 1481 1258 1541 operae
1282 1484 1355 1545 pre-

162 1566 235 1624 tium
263 1563 362 1637 suerit
392 1571 421 1623 et
453 1565 520 1623 illas
555 1580 575 1622 a
608 1564 748 1624 Secundo
784 1565 916 1638 scriptas
947 1562 1045 1635 fuisse
1077 1568 1242 1628 ostendere.
1288 1569 1357 1629 Non

163 1668 237 1725 imus
265 1667 382 1738 inticias
408 1667 565 1740 scripsisse
592 1668 724 1726 Plinium
745 1667 823 1725 alias
848 1668 1007 1741 epistolas,
1048 1673 1080 1727 ut
1106 1669 1170 1743 ipse
1195 1672 1240 1730 ait
1260 1673 1358 1746 paulo

163 1769 351 1836 accuratius,
388 1769 497 1828 sedet
525 1768 581 1828 bas
609 1768 653 1828 ad
677 1767 859 1841 Traianum,
889 1769 983 1841 siquis
1011 1769 1174 1844 dilipentcr
1203 1773 1353 1847 inspiciat,

162 1876 191 1929 et
212 1872 317 1930 doctas
331 1886 405 1947 esse,
429 1877 457 1930 et
470 1871 633 1943 elepanteis
649 1869 815 1944 fatebitur,
839 1886 895 1930 nec
916 1886 936 1929 a
962 1871 1036 1945 stplo
1056 1870 1152 1932 Plinii
1170 1874 1301 1952 alienas,
1324 1874 1359 1934 id

161 1973 249 2046 quoa,
267 1989 336 2033 cum
350 1988 391 2032 cn
406 1973 540 2032 omnibus
561 1973 596 2032 id
606 1988 703 2047 penus
723 1973 854 2047 epistolis
874 1973 943 2033 licet
963 1987 1156 2047 copruosccre,
1181 1981 1242 2035 tum
1257 1992 1297 2036 en
1318 1993 1356 2037 ca

160 2072 364 2147 manifestius,
388 2089 465 2149 quae
482 2075 520 2133 de
535 2074 631 2134 Dione
645 2074 776 2147 quodam
791 2075 945 2149 scribitur,
963 2075 1017 2150 qui
1028 2091 1151 2134 suorum
1165 2077 1310 2152 reliquias
1325 2079 1356 2138 in

160 2178 302 2250 relipioso
323 2177 389 2236 loco
399 2183 555 2261 posuerat.
578 2175 699 2235 Recital
715 2176 796 2235 enim
812 2176 854 2235 ibi
868 2171 905 2255 (f.
918 2172 954 2256 3)
970 2193 1047 2250 puae
1062 2178 1092 2234 in
1107 2193 1201 2239 causa
1213 2181 1354 2254 utrinque

160 2278 242 2338 dicta
253 2277 384 2350 fuerant
393 2295 426 2338 se
440 2279 549 2347 iudice,
574 2279 823 2353 quemadmodum
837 2280 868 2338 in
876 2279 945 2338 aliis
951 2278 1129 2352 quibusdam
1133 2278 1357 2357 facitepistolis

158 2398 225 2441 cnm
248 2381 423 2453 decausis,
448 2397 526 2454 uuas
551 2381 614 2454 ipse
641 2387 761 2454 eperat,
791 2381 835 2440 ad
863 2382 975 2440 amicos
1001 2381 1116 2441 scribit.
1161 2382 1287 2443 Domine
1301 2400 1355 2445 an-

159 2491 216 2543 tem
235 2483 427 2559 principibus
449 2482 552 2542 dicere
572 2482 754 2558 temporibus
768 2483 877 2555 Plinii,
902 2485 962 2542 iam
977 2487 1128 2559 receptum
1146 2482 1254 2558 fuisse,
1279 2487 1356 2547 illud

157 2587 249 2645 etiam
272 2585 430 2644 Martialis
456 2586 488 2642 in
515 2585 643 2659 epistola
669 2585 743 2644 libri
768 2586 871 2644 oetaui
895 2584 939 2644 ad
964 2584 1183 2660 Domitianum,
1215 2588 1352 2647 ostendit.

160 2686 267 2747 Omnes
294 2687 414 2761 quidem
447 2686 542 2746 libelli
568 2687 627 2744 mei
652 2685 786 2746 Domine.
828 2685 905 2745 Item
937 2687 1029 2759 illud,
1059 2684 1201 2746 Edictum
1229 2688 1351 2763 domini,

157 2789 265 2863 deique
286 2790 390 2850 nostri.
430 2788 504 2848 Esse
526 2793 624 2847 nutem
639 2788 734 2848 Plinii
753 2789 894 2863 epistolas
908 2788 952 2847 ad
968 2786 1150 2860 Traianum,
1175 2791 1276 2849 multis
1297 2805 1354 2849 ra-

158 2891 288 2951 tionibus
302 2889 438 2966 probari
451 2895 565 2964 potest,
590 2890 645 2949 sed
663 2890 710 2949 bis
725 2892 923 2965 potissimum.
947 2889 1104 2968 Primum,
1126 2891 1199 2965 quia
1221 2893 1252 2950 in
1275 2893 1353 2951 anti·

157 2994 298 3068 quissimo
320 2993 492 3068 exemplari
518 3007 579 3051 una
606 3007 673 3051 cum
702 2993 772 3051 aliis
793 2998 825 3052 ut
854 3008 908 3052 nos
930 2992 1146 3067 imprimendas
1167 2994 1350 3067 curauimus,

156 3095 209 3154 sub
233 3094 326 3153 Plinii
345 3093 479 3153 Secundi
498 3095 617 3152 nominoe
638 3096 772 3168 scriptae
793 3100 872 3154 sunt.
900 3094 1030 3168 Deinde,
1062 3097 1135 3169 quia
1163 3094 1258 3155 Plinii
1277 3096 1355 3155 illud

158 3197 196 3256 de
211 3196 393 3256 Obristianis
408 3196 451 3254 ad
468 3193 645 3270 Traianum,
670 3202 699 3255 et
720 3197 900 3270 rescriptum
926 3194 1056 3255 Traiani
1075 3212 1167 3271 super
1188 3212 1226 3256 ea
1248 3213 1283 3256 re
1298 3196 1351 3256 ba·

156 3300 244 3359 betur
265 3300 297 3358 in
320 3314 383 3357 una
404 3314 445 3358 en
466 3299 575 3357 eisdem
597 3298 731 3372 epistolis
753 3298 796 3355 ad
815 3295 993 3370 Traianum,
1018 3299 1103 3357 cuius
1123 3299 1171 3357 rei
1186 3297 1351 3359 Tertullia-

155 3417 229 3478 nus,
254 3400 416 3472 Eusebius,
447 3399 560 3460 Paulus
583 3397 705 3460 Orosius
731 3400 900 3459 meminere.
939 3393 1052 3459 deinde
1079 3397 1154 3478 post
1175 3394 1353 3479 longiorem

156 3497 407 3581 disputationem
436 3497 474 3561 de
502 3496 647 3581 epistulis
662 3495 760 3561 Plinii
782 3496 822 3561 ad
838 3495 1013 3560 Traianum
1028 3495 1135 3560 Plinio
1150 3495 1352 3562 vindicandis

156 3603 189 3664 et
220 3599 260 3663 de
291 3599 422 3683 reliquis
450 3598 595 3683 partibus
629 3599 779 3662 editionis
812 3598 846 3662 in
868 3598 932 3662 fine
960 3598 1116 3681 epistulae
1143 3598 1167 3662 f.
1191 3598 1212 3663 5
1240 3599 1352 3662 scribit

155 3707 245 3782 idque
269 3703 400 3789 fecimus
420 3707 474 3767 sub
497 3710 549 3766 tuo
571 3707 691 3765 nomine
713 3707 809 3766 Aloisi
828 3704 984 3765 Macenice
1007 3704 1198 3780 Grauissimi,
1222 3705 1352 3766 Senatus

162 3809 267 3869 Veneti
286 3807 399 3880 Decus,
425 3814 456 3868 ut
478 3809 631 3883 quianon
653 3809 747 3869 solum
770 3806 906 3868 Secundi
931 3808 1071 3883 epistolas
1092 3809 1136 3868 ad
1156 3822 1209 3868 nos
1229 3809 1351 3869 sedulus

154 3927 171 3970 a
194 3912 296 3971 Gallia
316 3912 495 3985 reportasti,
520 3911 574 3969 sed
591 3910 796 3985 publicandas
817 3912 906 3969 ctiam
928 3909 1003 3969 mibi
1022 3910 1145 3984 dedisti,
1173 3909 1241 3971 Tibi
1255 3926 1349 3986 prae·

153 4015 242 4087 cipue
263 4011 406 4085 debeant,
434 4010 475 4071 Te
491 4013 659 4087 plurimam
681 4017 782 4072 ament
803 4011 939 4071 Studiosi
958 4027 1057 4072 omnes
1079 4013 1194 4073 deboc
1215 4027 1348 4072 munere.

160 4115 245 4175 Vale.
275 4114 407 4173 Venetiis
428 4129 527 4173 mense
549 4114 732 4174 Nouembri.
747 4113 791 4173 M.
808 4113 843 4173 D.
865 4112 956 4174 VIII.

238 4207 355 4274 Codice
371 4231 465 4294 quem
488 4233 507 4274 a
522 4209 665 4275 Iucunda
679 4209 859 4276 Veronensi
874 4210 909 4274 in
925 4209 1032 4275 Gallie
1045 4214 1218 4296 repertum,
1234 4211 1349 4277 deinde

155 4312 194 4376 ad
226 4333 260 4376 se
283 4311 426 4376 adlatum
452 4311 567 4378 scribit
587 4311 705 4398 Aldus,
741 4315 913 4397 antequam
943 4311 1029 4377 illius
1063 4312 1160 4378 editio
1192 4313 1347 4399 prodiret,

153 4435 228 4479 usus
240 4417 310 4479 erat
321 4413 496 4480 Gulielmus
519 4414 682 4500 Budaeus,
705 4414 810 4500 quiin
832 4415 1094 4480 annotationibus
1116 4414 1150 4480 in
1172 4416 1349 4501 pandectes

156 4538 183 4582 a.
207 4516 288 4583 1508
311 4515 450 4600 primum
473 4516 567 4582 editis
590 4538 662 4581 eum
683 4517 786 4581 multa
815 4537 854 4580 ex
875 4515 974 4580 Plinii
996 4515 1140 4601 epistulis
1162 4520 1232 4582 turn
1253 4540 1347 4604 quae·
