3024 5062
465 295 711 344 EPISTULARUM
733 295 784 342 nr.
808 290 832 341 a.
855 287 891 355 (a.
908 287 966 356 101)
1269 283 1310 348 75

114 454 214 517 testes
242 451 464 536 interrogandi
493 449 681 515 sublevandi
703 448 875 516 refutandi.
911 448 976 512 iarn
998 449 1054 513 illa
1077 472 1173 534 quam
1195 453 1359 536 ardua,25

115 576 211 638 quam
234 555 379 638 molesta,
403 556 452 618 tot
474 574 599 617 reorum
622 551 734 614 amicis
750 553 872 615 secreto
886 551 1075 636 rogantibus
1097 574 1227 638 negare,
1252 541 1307 617 ad·

74 671 81 685 ·
113 657 317 721 versantibus
338 655 446 739 palam
468 655 637 732 obsistere!
668 652 809 717 referam
834 675 935 717 unum
963 652 1082 737 aliquid
1104 676 1143 719 ex
1165 655 1205 720 iis
1227 678 1308 740 quae

113 758 190 822 dixi.
223 779 295 822 cum
316 757 395 832 mihi
417 756 546 841 quidam
576 778 593 821 c
621 754 778 819 iudicibus
807 755 885 838 ipsis
912 776 971 839 pro
993 776 1048 820 reo
1075 757 1308 842 gratiosissimo

87 878 100 918 s
113 860 338 947 reclamarent,
364 864 441 924 ‘non
447 859 575 941 ,minus'
590 858 721 941 inquam
737 857 801 922 ‘hic
816 857 972 921 innocens
987 858 1058 942 erit,
1082 859 1110 923 si
1125 880 1185 944 ego
1200 861 1308 939 omnia

115 962 250 1026 dixero?
282 961 476 1026 coniectabis
498 983 536 1025 ex
559 959 620 1023 hoc
642 961 779 1043 quantas
796 959 1030 1043 contentiones,
1053 963 1192 1044 quantas
1208 962 1357 1026 etiamid
1399 1021 1403 1027 .

25 1147 28 1152 ,
113 1063 252 1128 offensas
275 1063 482 1147 subierimus,
513 1062 681 1126 dumtaxat
710 1061 750 1124 ad
771 1061 867 1125 breve
894 1064 1036 1146 tempus:
1064 1085 1140 1127 nam
1167 1063 1245 1127 fides
1271 1065 1307 1128 in

114 1165 300 1251 praesentia
315 1187 367 1230 eos
389 1166 501 1250 quibus
522 1163 643 1228 resistit
657 1162 800 1246 offendit,
825 1162 939 1228 deinde
963 1164 1004 1228 ab
1025 1164 1090 1228 illis
1111 1165 1190 1248 ipsis
1205 1167 1306 1250 suspi-

116 1267 200 1331 citur
221 1266 442 1351 laudaturque.
471 1287 539 1330 non
560 1265 648 1350 potui
678 1264 782 1349 magis
810 1267 843 1329 te
866 1265 901 1329 in
922 1287 990 1330 rem
1011 1270 1215 1350 praesentem
1235 1290 1306 1353 per-

76 1386 98 1426 ιο
112 1367 238 1433 ducere.
269 1369 354 1433 dices
382 1373 460 1433 ‘non
487 1367 549 1432 fuit
574 1367 676 1432 tanti:
695 1366 774 1450 ,quid
803 1369 889 1431 enim
910 1368 990 1432 mihi
1019 1390 1090 1432 cum
1117 1372 1186 1433 tam
1206 1369 1354 1455 longa2l

112 1468 292 1555 epistula‘?’
321 1470 423 1534 nolito
446 1490 523 1555 ergo
544 1468 719 1533 identidem
747 1490 898 1552 quaerere
920 1470 995 1554 quid
1018 1469 1139 1536 Rornae
1161 1474 1303 1556 geratur.

112 1574 145 1637 et
166 1574 276 1636 tamen
304 1574 465 1637 memento
492 1593 559 1635 non
587 1592 655 1635 esse
683 1570 853 1654 epistulam
880 1570 1012 1656 longam
1040 1595 1121 1657 quae
1147 1576 1198 1638 tot
1225 1575 1303 1659 dica,

110 1676 162 1738 tot
185 1674 402 1759 cognitiones,
430 1676 480 1738 tot
501 1673 638 1757 denique
665 1693 736 1736 reos
760 1693 933 1757 causasque
956 1674 1122 1758 complexa
1143 1675 1193 1740 sit.
1223 1697 1303 1759 quae
1313 1677 1354 1742 28

111 1776 221 1840 omnia
249 1775 356 1841 videor
383 1775 462 1839 mihi
489 1797 556 1839 non
584 1774 690 1838 minus
718 1773 858 1839 breviter
886 1796 983 1858 quam
1005 1775 1178 1862 diligenter
1199 1799 1304 1861 perse·

75 1896 99 1936 a
113 1880 215 1942 cutus.
245 1879 365 1942 temere
387 1878 452 1942 dixi
475 1876 687 1961 ‘diligenterZ
716 1877 874 1941 succurrit
895 1877 978 1960 quod
1000 1879 1246 1963 praeterieram,
1271 1882 1303 1944 et

111 1979 239 2064 quidem
268 2000 353 2064 sero,
387 1979 442 2044 sed
469 1999 660 2063 quamquam
687 1981 908 2062 praepostere,
940 1979 1099 2044 reddetur.
1134 1981 1302 2047 fecithoc

111 2080 270 2147 Homerus
292 2081 449 2165 multique
471 2080 557 2145 illius
580 2079 734 2164 exemplo,
758 2082 806 2145 est
828 2080 946 2164 alioqui
968 2082 1185 2166 perdecorum,
1210 2106 1229 2148 a
1250 2106 1301 2148 me

111 2185 221 2254 tamen
242 2204 309 2247 non
331 2183 402 2247 ideo
429 2183 494 2247 fiet.
532 2205 549 2248 e
577 2182 713 2247 testibus
742 2182 871 2266 quidam
893 2183 960 2247 sive
982 2183 1099 2267 iratus,
1128 2185 1211 2269 quod
1233 2187 1354 2251 evo-29

113 2288 202 2350 catus
225 2287 310 2349 esset
331 2285 462 2367 invitus,
487 2285 552 2349 sive
568 2286 760 2349 subornatus
776 2285 816 2347 ab
832 2284 938 2368 aliquo
960 2306 1097 2369 reorum,
1121 2289 1158 2351 ut
1174 2308 1302 2352 accusa-

72 2408 98 2446 a
112 2388 233 2452 tionem
243 2389 432 2470 exarmaret,
440 2385 629 2451 Norbanum
640 2386 852 2469 Licinianum,
866 2386 1010 2470 legatum
1025 2390 1058 2452 et
1072 2388 1302 2474 inquisitorem,

112 2511 201 2554 reum
224 2488 415 2573 postulavit,
438 2492 602 2572 tamquam
625 2490 660 2552 in
683 2510 778 2553 eausa
795 2487 909 2553 Castae
933 2488 1026 2572 (uxor
1047 2489 1127 2554 haec
1150 2490 1298 2578 Classici)

113 2591 398 2676 praevaricaretur.
433 2594 482 2654 est
508 2590 581 2676 lege
604 2593 733 2655 cautum
755 2594 792 2654 ut
813 2611 885 2654 reus
908 2593 984 2654 ante
1006 2595 1195 2676 peragatur,
1224 2596 1353 2663 tuncao

115 2693 153 2757 de
168 2693 424 2777 praevaricatore
440 2695 619 2777 quaeratur,
642 2692 790 2757 videlicet
811 2692 887 2776 quia
902 2692 1022 2775 optime
1038 2713 1077 2757 ex
1099 2695 1301 2760 accusatione

119 2795 189 2880 ipsa
213 2796 408 2860 accusatoris
428 2795 507 2859 fides
523 2795 719 2859 aestimatur.
742 2793 896 2858 Norbano
910 2797 1021 2859 tamen
1035 2817 1101 2860 non
1116 2797 1192 2861 ordo
1207 2797 1299 2883 legis,
1310 2804 1350 2867 31

70 2913 97 2954 25
110 2918 176 2960 non
190 2896 291 2982 legati
305 2918 434 2981 nomen,
457 2919 524 2961 non
545 2896 763 2980 inquisitionis
778 2897 920 2961 officium
934 2897 1091 2980 praesidio
1107 2898 1184 2964 fuit:
1207 2902 1300 2965 tanta

112 2999 324 3084 conflagravit
351 2999 472 3062 invidia
502 2998 597 3063 homo
626 2998 743 3082 alioqui
765 2998 943 3083 flagitiosus
967 3001 999 3062 et
1020 2999 1199 3065 Domitiani
1219 3004 1299 3067 tem-

110 3100 240 3184 poribus
261 3122 347 3184 usus,
370 3103 406 3164 ut
427 3099 530 3183 multi,
553 3099 734 3184 electusque
756 3103 835 3164 tunc
857 3122 877 3164 a
897 3101 1064 3183 provincia
1085 3103 1123 3166 ad
1139 3103 1301 3187 inquiren-

111 3202 195 3286 dum,
208 3223 275 3266 non
286 3203 450 3286 tamquam
460 3201 563 3265 bonus
575 3204 607 3265 et
621 3201 734 3285 fidelis,
752 3202 807 3266 sed
818 3204 981 3286 tamquam
994 3202 1127 3268 Olassici
1139 3205 1298 3270 inimicus.

112 3306 181 3368 erat
202 3304 243 3368 ab
265 3304 320 3368 illo
341 3303 512 3389 relegatus
545 3303 614 3367 dari
629 3304 690 3368 sibi
712 3303 796 3368 diem
818 3306 850 3368 et
872 3304 922 3368 edi
945 3305 1081 3413 crimina
1101 3307 1285 3391 postulabat
1293 3310 1352 3375 ·32

263 3427 312 3435 1-

179 3476 427 3543 leubleuandique
446 3476 683 3532 etrefutand1r5
751 3479 830 3528 2tot
849 3492 940 3528 eorum
959 3480 981 3525 D
1067 3480 1188 3530 3ex1is
1206 3482 1248 3529 Fa
1267 3498 1300 3531 ex

111 3544 153 3595 his
171 3547 213 3606 Dp
232 3546 407 3596 exomnibus
425 3557 460 3599 τς
543 3545 816 3607 4exiudicibuspr
902 3546 1134 3609 gratiosissimo
1212 3540 1301 3600 ahie

111 3615 198 3664 oali
251 3617 312 3663 erat
329 3615 351 3660 D
420 3615 489 3662 (tex
506 3612 581 3662 hisr
633 3619 806 3678 quantasque
825 3611 944 3664 offensas
962 3627 998 3670 rs
1065 3616 1148 3680 8qui
1165 3617 1302 3667 resistunt

111 3695 124 3728 r
191 3681 387 3746 suspiceturli
456 3684 543 3731 9non
561 3681 638 3746 potui
655 3681 791 3746 magiste
762 3682 852 3731 tera
869 3696 923 3731 non
941 3683 1018 3747 potui
1037 3683 1137 3747 (potuit
1155 3684 1178 3744 r)
1197 3688 1226 3735 te
1244 3701 1301 3734 ma·

113 3749 153 3812 gis
171 3761 233 3810 prr
249 3764 304 3800 non
322 3750 412 3814 magis
430 3749 505 3812 potui
524 3753 551 3798 te
569 3751 591 3796 D
648 3751 680 3799 10
698 3748 751 3798 fuit
768 3752 790 3797 D
809 3749 954 3799 Catunacus
971 3763 987 3798 a
1005 3751 1046 3801 fui
1063 3753 1123 3811 Fpr
1175 3754 1205 3800 ll
1224 3767 1301 3816 gere·

111 3816 229 3867 baturr
299 3819 330 3867 12
348 3831 402 3866 non
420 3831 480 3866 esse
499 3818 520 3864 D
539 3831 672 3867 essenon
691 3817 733 3865 Fa
751 3831 811 3868 esse
830 3831 883 3866 non
903 3832 991 3881 essep
1011 3819 1094 3869 etiam
1112 3834 1166 3869 non
1186 3835 1247 3870 esse
1258 3833 1301 3875 rs

178 3887 210 3935 13
228 3887 270 3934 1ο1
289 3885 458 3949 cognitiones
477 3883 670 3949 (cogitationes
688 3884 712 3948 r)
735 3888 778 3935 tot
795 3885 854 3936 dies
872 3897 907 3939 rs
992 3881 1065 3953 reos]
1086 3902 1130 3937 res
1148 3900 1161 3933 r
1230 3902 1301 3937 eorn-

111 3951 192 4014 plexa
210 3948 261 4018 sit]
281 3951 439 4017 complexas
457 3954 478 4000 D
498 3952 641 4017 complexa
660 3957 737 4008 ests
794 3955 826 4002 14
844 3957 1029 4018 persecutol)
1082 3956 1113 4004 15
1132 3955 1301 4019 prestariam

111 4021 133 4067 D
210 4018 375 4085 etquidem]
395 4019 520 4083 equidem
538 4035 554 4082 p
642 4022 673 4069 16
692 4035 856 4084 quamquam
874 4036 909 4086 po
911 4025 967 4071 teat
985 4021 1176 4073 recrederetur
1193 4023 1262 4074 facit
1280 4025 1301 4071 F

175 4079 341 4138 iedditurV
410 4088 504 4137 facere
521 4104 589 4141 corr.
608 4093 641 4138 al
659 4104 725 4138 man
743 4089 813 4138 facit
830 4090 857 4136 Μ
918 4092 949 4139 17
968 4090 1128 4155 alioquinr
1197 4089 1229 4140 18
1246 4107 1301 4140 nou

111 4168 190 4208 amr
258 4149 575 4217 fietatvuafiatrp'r
644 4158 918 4217 19accusationesp
987 4157 1207 4208 idlacinianum
1224 4159 1266 4221 Ἑρ

111 4223 313 4288 inquisitiorem
331 4226 386 4272 HV
472 4226 503 4273 21
523 4220 608 4289 reum]
629 4239 718 4273 rerum
736 4225 777 4285 Pp
853 4224 925 4274 haec
943 4226 987 4275 cai
1006 4224 1147 4276 classicir
1214 4228 1247 4277 23
1266 4226 1319 4277 de'

112 4292 352 4354 praeuaricatione
370 4306 384 4339 r
452 4288 530 4358 quia]
550 4292 643 4356 qual*
724 4293 824 4357 optime
843 4293 1018 4344 excusatione
1034 4307 1048 4341 r
1066 4297 1113 4358 opt
1114 4293 1166 4343 ime
1185 4309 1301 4345 accusa·

111 4358 221 4415 tiones
305 4361 339 4409 24
356 4359 526 4410 existimatur
542 4360 597 4422 pr*
678 4360 710 4408 16
734 4360 920 4426 confraglauit
938 4363 965 4409 Μ
1034 4361 1157 4425 alioquin
1174 4362 1196 4408 F
1214 4361 1300 4427 aliqui

111 4427 132 4473 Ι)
212 4429 245 4477 27
264 4426 368 4478 electus
387 4432 452 4477 tunc
471 4429 493 4474 D
513 4426 650 4492 electique
669 4432 767 4477 tuncr
850 4431 883 4478 29
900 4427 972 4479 diem
992 4429 1036 4478 edi
1054 4429 1168 4478 crimina
1186 4430 1208 4477 D
1226 4430 1299 4480 idem

111 4496 136 4543 et
155 4494 200 4545 edi
219 4495 336 4545 crimina
353 4497 409 4543 HV
426 4495 498 4546 diem
516 4495 551 4545 ad
570 4495 700 4546 diluenda
719 4495 835 4548 erimina
857 4496 939 4560 Fpra
1040 4495 1202 4563 postulabat
1219 4499 1299 4548 11111)

60 4596 62 4601 -
112 4562 265 4626 postulauit
281 4564 382 4625 spira
