3024 5062
344 1226 397 1399 o.
430 1302 580 1401 nm
613 1302 827 1402 ennom
858 1303 1095 1404 saeuum

212 1480 1156 1622 ¹nrisrunnnun

573 1699 694 1757 LIBER
720 1699 879 1757 PRIMUS.

673 1813 710 1878 (a.
734 1817 778 1878 97)

713 1946 740 2012 I.

457 2069 487 2121 c.
511 2069 661 2122 namins
681 2053 848 2122 SEPTIOIO
868 2071 938 2122 suo
959 2072 985 2123 s.

212 2185 411 2269 Frequenter
437 2184 584 2251 hortatus
612 2209 645 2251 es
673 2190 710 2251 ut
732 2188 902 2272 epistulae,
933 2190 1038 2272 siquas
1061 2191 1157 2274 paulo
1180 2194 1347 2263 curatiusl

125 2288 343 2372 scripsissem,
366 2287 549 2372 colligerem
570 2287 840 2373 publicaremque.
884 2290 998 2376 collegi
1020 2314 1086 2356 non
1101 2298 1226 2358 servato
1242 2299 1320 2360 tem-

125 2391 214 2474 poris
230 2390 341 2453 ordine
357 2389 473 2474 (neque
489 2390 575 2454 enirn
590 2390 757 2456 historiam
774 2392 1024 2477 componebam),
1049 2395 1104 2458 sed
1125 2399 1162 2459 nt
1177 2419 1320 2482 quaeque

87 2506 112 2544 ¹⁰
126 2493 161 2555 in
183 2514 299 2556 manus
322 2496 463 2557 venerat.
501 2496 646 2577 superest
668 2498 705 2557 ut
726 2516 786 2559 nec
808 2496 841 2558 te
865 2495 988 2559 consilii
1012 2517 1072 2559 nec
1087 2519 1138 2560 me
1153 2501 1348 2580 paeniteat?

85 3122 110 3162 15

125 2594 282 2677 obsequii.
313 2595 359 2658 ita
382 2596 468 2658 enim
490 2595 546 2659 fiet
567 2599 604 2659 ut
626 2618 678 2660 eas
694 2618 775 2679 quae
791 2595 895 2662 adhuc
910 2597 1079 2681 neglectae
1093 2599 1201 2664 iacent
1216 2604 1319 2685 requi-

125 2717 213 2778 ram,
238 2697 270 2758 et
293 2696 399 2779 siquas
422 2695 588 2781 addidero,
612 2719 678 2762 non
701 2700 907 2784 supprimam.
938 2700 1018 2763 vale.

699 2869 742 2935 Π.

461 2989 492 3040 c.
516 2990 847 3044 Pmmusnaamno
867 2991 936 3042 suo
955 2991 983 3042 s.

211 3105 293 3181 Quia
324 3106 496 3196 tardiorem
527 3106 700 3171 adventum
734 3110 822 3171 tuum
856 3108 1032 3192 prospicio,
1075 3109 1193 3174 librum
1224 3121 1346 3196 queml

124 3208 285 3290 prioribus
307 3208 451 3292 epistulis
476 3208 685 3292 promiseram
705 3208 857 3295 'exhibeo
899 3208 986 3274 hunc
1013 3232 1092 3296 rogo
1119 3234 1158 3275 ex
1187 3234 1317 3279 consue·

194 3430 404 3518 EPISTULAE
419 3452 491 3521 LIE.
510 3463 544 3532 ΙΙ
560 3467 622 3517 GAI
646 3467 746 3517 PLINI
769 3466 937 3517 SEPTIOIO
957 3467 1028 3519 SUO
1056 3468 1229 3519 SALUTEM
1246 3471 1313 3521 HC

124 3535 274 3585 PLINIUS
292 3533 461 3586 SEPTIOIO
482 3534 552 3585 SUO
572 3535 745 3586 SALUTEM
756 3537 779 3583 V
791 3535 1042 3597 EREQVENTER
1054 3537 1250 3588 HORTATVS
1269 3539 1313 3589 ES

124 3617 282 3669 Parnrvs.
299 3605 327 3671 s.
344 3617 348 3684 ι
364 3606 459 3670 sc'no
479 3619 548 3670 svo
563 3606 737 3671 sanvniir
756 3619 850 3671 orus
868 3619 1134 3675 nersromnun.
1154 3621 1184 3675 o.
1198 3623 1314 3673 Pnuur

124 3685 296 3750 sussurim
325 3687 612 3743 novoconansrs
647 3686 837 3752 onnrolais
866 3687 1085 3742 onnamsnu.
1117 3690 1167 3739 nn
1195 3689 1312 3741 sanm-

124 3771 227 3821 I'IUM.
253 3771 282 3822 C.
300 3769 305 3836 Ι
320 3771 468 3823 PLINIUS
491 3771 682 3822 SECUNDUS
704 3772 964 3823 NOVOOOMESIS
983 3772 1151 3825 SEPTITIO
1171 3774 1239 3825 SUO
1259 3775 1313 3826 SA·

125 3840 255 3890 LUTEM
272 3839 384 3894 D10,n
407 3840 469 3891 Caii
487 3839 573 3889 Plinii
596 3839 717 3890 Secundi
738 3841 946 3891 Nonicomensis
971 3841 1097 3891 Oratoris
1121 3842 1313 3894 facundissimi

125 3907 306 3972 epistolarum
325 3909 411 3958 Liber
428 3909 535 3958 Primus
553 3909 660 3973 incipit.
685 3907 716 3961 O.
735 3909 841 3959 Plinius
854 3908 997 3959 Secundus
1011 3910 1138 3960 Secundo
1157 3925 1214 3963 ano.
1235 3911 1261 3963 S.
1276 3913 1312 3977 pl.

124 3975 195 4024 dicit
213 3989 229 4036 p
247 3974 277 4023 0.
290 3975 375 4025 Plinii
386 3976 502 4026 secundi
513 3976 682 4026 Veronensis
695 3975 819 4027 Oratoris
833 3976 979 4026 clarissimi
993 3981 1020 4027 et
1033 3976 1192 4028 Consularis
1204 3979 1313 4043 Episto-

123 4043 214 4092 larum
241 4043 326 4092 Liber
351 4044 454 4108 primns
482 4043 622 4094 foeliciter
647 4045 754 4109 incipit.
778 4044 808 4097 C.
827 4045 880 4094 Pli.
900 4044 1043 4095 Secundus
1071 4046 1197 4096 Secundo
1225 4047 1313 4097 Sal’r

124 4110 155 4159 C.
176 4108 324 4161 CAEOILI
342 4111 443 4162 PLINI
462 4110 621 4163 SECVNDI
638 4111 754 4162 EPIST.
774 4113 845 4162 LIB.
864 4112 1009 4165 PRIMVS.
1041 4112 1070 4168 Ο,
1089 4112 1160 4162 Plin.
1181 4113 1311 4178 Septicio.

122 4178 151 4232 S.
171 4189 189 4230 ς
211 4177 326 4228 PLINII
349 4177 508 4230 sncvnm
525 4179 784 4230 EPIS'IOLARVM
805 4179 917 4230 LIBER
935 4181 1081 4234 PRIMVS.
1113 4181 1143 4232 Ο.
1166 4182 1312 4233 PLINIVS

122 4244 315 4296 SECVNDVS
334 4247 503 4298 SEPTITIO
522 4247 591 4297 SVO
610 4246 781 4298 SALVTEM
799 4263 816 4296 a

191 4313 205 4362 I
232 4315 247 4364 'l
267 4314 400 4378 epistolas
414 4318 520 4379 quael?
557 4317 678 4365 curatius
690 4317 711 4363 D
725 4317 882 4365 accuratius
899 4319 961 4378 Fpr
980 4316 1124 4367 Catanneus
1136 4332 1152 4364 a
1171 4332 1237 4368 cura
1256 4317 1311 4381 (cu-

120 4397 181 4431 ram
199 4380 236 4442 n)
255 4383 360 4432 maiore
379 4384 465 4438 uve:
485 4384 520 4442 es.
534 4383 576 4432 IX
589 4387 632 4446 13,
652 4386 684 4432 10
752 4384 956 4434 8scribsissem
974 4387 997 4433 V
1067 4387 1098 4434 10
1115 4391 1261 4434 uenerati·

120 4447 163 4518 te]
186 4466 200 4500 e
218 4451 253 4512 I),
272 4465 318 4499 orn.
337 4451 360 4498 V
413 4454 442 4501 11
462 4447 619 4516 neglectae]
640 4466 692 4500 nec
710 4451 783 4501 lecte
801 4454 822 4500 1³

192 4518 219 4566 11
247 4519 279 4567 14
296 4517 458 4570 AERIANO
476 4520 543 4573 Vsa
565 4518 702 4569 ARIANO
720 4520 747 4567 n
765 4519 926 4570 ADRIANO
949 4523 990 4568 Fr
1011 4521 1163 4574 ARRINIO
1186 4523 1229 4585 Dp

1056 4608 1087 4656 1*
