3024 5062
420 253 663 334 nrrsrumanu
679 286 753 332 vru.
771 282 811 330 24.
828 278 861 345 (a.
879 282 935 331 roa.
952 280 1012 346 109)
1249 247 1313 333 233

119 439 256 524 gloriam
284 442 424 504 veterem
459 442 492 503 et
518 439 604 502 hanc
630 439 733 522 ipsam
762 442 974 521 senectutem,
1009 462 1088 523 quac
1121 440 1155 503 in
1184 439 1313 503 homine

119 540 328 623 venerabilis,
352 541 387 604 in
409 541 540 605 urbibus
563 562 664 605 sacra.
697 541 739 604 sit
762 541 848 624 apud
869 544 902 604 te
924 543 1026 605 honor
1048 541 1249 626 antiquitati,
1271 543 1314 605 sit

118 641 307 726 ingentibus
329 641 438 725 factis,
469 642 512 704 sit
532 641 651 705 fabulis
673 664 805 725 quoque.
835 641 917 705 nihil
940 665 978 706 cx
1002 643 1187 726 cuiusquam
1209 643 1313 726 digni·

118 745 202 826 tate,
231 742 314 806 nihil
342 765 380 806 ex
408 743 574 826 libertate,
605 742 687 807 nihil
715 745 813 808 etiarn
841 766 879 807 ex
907 745 1083 809 iactatione
1106 744 1311 828 decerpserit.

93 845 200 909 ahabe
224 848 300 909 ante
315 844 421 909 oculos
442 845 527 909 hanc
546 867 615 909 esse
637 848 756 910 terram
778 867 860 930 quae
875 846 967 911 nobis
983 846 1106 911 miserit
1128 846 1209 929 iura,
1232 849 1343 930 quael

117 944 206 1030 leges
221 968 288 1010 non
303 946 396 1010 victis
405 997 414 1031 ,
430 947 485 1010 sed
500 947 683 1030 petentibus
699 947 837 1029 dederit,
860 947 1006 1011 Athenas
1022 969 1089 1011 csse
1111 970 1190 1032 quas
1206 948 1311 1031 aduae,

118 1047 389 1112 Lacedaemonem
417 1070 484 1112 esse
512 1071 608 1132 quam
637 1070 747 1133 regas,
781 1049 895 1133 quibus
922 1049 1075 1134 reliquam
1104 1050 1249 1113 umbram
1281 1052 1314 1113 et

118 1149 280 1213 residuum
305 1149 464 1213 libertatis
491 1171 610 1214 nomen
641 1150 763 1234 eripere
791 1151 903 1214 durum
928 1151 1031 1215 ferum
1052 1151 1224 1215 barbarum
1253 1154 1311 1215 est.

118 1251 206 1316 vides
230 1273 249 1314 a
271 1251 417 1334 medicis,
442 1273 633 1336 quamquam
656 1252 691 1316 in
714 1252 847 1316 adversa
862 1252 1045 1316 valetudine
1067 1252 1149 1316 nihil
1171 1253 1253 1316 servi
1276 1253 1342 1316 acb

86 1353 211 1418 uliberi
239 1353 406 1437 differant,
440 1354 567 1418 mollius
595 1356 704 1417 tamen
738 1354 856 1418 liberos
885 1354 1134 1437 clementiusque
1167 1354 1311 1418 tractari.

84 1492 87 1499 -
118 1453 284 1519 recordare
291 1505 300 1539 ,
327 1455 403 1539 quid
425 1467 568 1539 quaeque
592 1455 705 1518 civitas
727 1455 840 1539 fuerit,
869 1477 935 1534 non
963 1458 1000 1519 nt
1027 1454 1201 1539 despicias,
1229 1456 1313 1539 quod

119 1578 186 1621 esse
209 1557 354 1621 desierit:
378 1557 462 1620 absit
477 1556 627 1640 superbia
643 1555 810 1639 asperitas.
845 1577 905 1619 nee
920 1557 1065 1620 timueris
1082 1558 1342 1640 contempturus

119 1681 160 1722 an
183 1658 400 1722 contemnitur
422 1658 476 1741 qui
498 1657 683 1741 imperium,
707 1658 762 1741 qui
784 1657 888 1722 fasces
910 1657 1019 1740 habet,
1044 1658 1107 1721 nisi
1129 1658 1258 1722 humilis
1281 1662 1313 1722 et

119 1759 264 1824 sordidus
287 1762 320 1822 et
342 1758 396 1842 qui
418 1779 451 1821 sc
474 1758 594 1841 primus
622 1759 691 1842 ipse
715 1759 915 1822 contemnit?
942 1758 1025 1823 male
1054 1760 1119 1823 vim
1142 1781 1231 1823 suam
1258 1782 1313 1843 po-

88 1864 219 1924 stestas
242 1860 376 1924 aliorum
399 1859 600 1923 contumeliis
622 1858 801 1943 experitur,
824 1859 907 1923 rnale
928 1863 1048 1924 terrore
1074 1860 1238 1924 veneratio
1260 1861 1312 1924 ad-

120 1962 272 2047 quiritur,
296 1963 453 2046 longeque
468 1959 626 2025 valentior
642 1982 730 2025 amor
747 1960 786 2024 ad
803 1961 1011 2025 obtinendum
1026 1961 1108 2045 quod
1124 1961 1202 2025 velis
1218 1983 1313 2045 quarn

120 2065 225 2129 timor.
259 2086 335 2127 nam
357 2063 454 2127 timor
476 2063 563 2146 abit,
597 2065 624 2127 si
646 2064 791 2146 recedas3
819 2066 930 2126 manet
952 2085 1055 2146 amor,
1084 2085 1121 2128 ac
1149 2065 1232 2128 sicut
1259 2063 1313 2128 ille

119 2165 152 2230 in
168 2166 277 2230 odium
298 2164 351 2229 hic
373 2165 408 2228 in
422 2165 636 2228 reverentiam
652 2163 797 2228 vertitur.
834 2166 867 2228 te
890 2186 963 2229 vero
986 2166 1083 2228 etiam
1106 2167 1200 2249 atque
1216 2166 1341 2231 etiami

120 2269 277 2353 (repetam
292 2267 392 2350 enim)
407 2267 590 2330 meminisse
605 2269 730 2350 oportet
744 2266 843 2330 officii
866 2267 913 2330 tui
934 2267 1065 2330 titulum
1081 2288 1118 2330 ao
1133 2267 1193 2330 tibi
1209 2267 1313 2350 ipsum

80 2370 341 2453 aointerpretari,
371 2369 468 2452 quale
493 2372 710 2453 quantumque
741 2368 784 2432 sit
817 2369 965 2432 ordinare
993 2370 1112 2432 statum
1141 2368 1313 2432 liberarum

121 2470 296 2536 civitatum.
330 2492 406 2534 nam
429 2470 505 2554 quid
528 2471 728 2534 ordinatione
752 2470 900 2534 civilius?
928 2470 1004 2553 quid
1025 2469 1174 2533 libertate
1197 2471 1314 2552 pretio·

119 2571 208 2649 sius?
241 2592 337 2655 porro
358 2593 454 2656 quam
481 2575 590 2654 turpe,
618 2571 645 2634 si
667 2571 827 2635 ordinatio
850 2571 1026 2654 eversione,
1055 2570 1187 2635 libertas
1216 2571 1342 2637 servi-8

119 2674 187 2738 tute
209 2675 367 2737 mutetur!
401 2673 524 2737 accedit
551 2674 634 2757 quod
656 2673 716 2737 tibi
740 2677 902 2737 certamen
925 2675 973 2737 est
995 2675 1115 2736 tecum:
1146 2676 1259 2737 onerat
1280 2677 1313 2737 ie

118 2778 309 2860 quaesturae
323 2778 398 2840 tuae
413 2775 511 2859 fama,
528 2797 623 2858 quam
640 2797 678 2839 ex
691 2773 845 2859 Bithynia
856 2775 1010 2857 optimam
1025 2773 1185 2855 revexisti,
1201 2776 1314 2838 onerat

76 2876 337 2942 estestimonium
359 2877 531 2961 principis,
560 2879 674 2940 onerat
701 2877 883 2940 tribunatus
889 2927 898 2960 ,
927 2878 1078 2960 praetura
1111 2879 1205 2960 atquc
1233 2875 1314 2940 haec

119 2978 189 3063 ipsa
211 2977 331 3063 legatio
352 2979 443 3063 quasi
465 2978 641 3061 praemium
664 2979 749 3042 data.
785 2999 846 3061 quo
868 2978 972 3062 magis
1001 2976 1170 3042 nitendum
1201 2980 1251 3042 est
1272 2978 1343 3041 ne9

119 3079 153 3144 in
167 3079 347 3164 longinqua
360 3079 526 3166 provincia
541 3101 637 3163 quam
652 3080 852 3163 suburbana,
871 3102 912 3144 ne
927 3080 1013 3144 inter
1028 3080 1202 3144 servientes
1217 3101 1314 3163 quam

120 3181 254 3263 liberos,
283 3203 324 3245 ne
352 3191 437 3246 sorte
465 3202 561 3264 quam
589 3181 705 3245 iudicio
727 3183 858 3265 missus,
891 3203 932 3245 nc
959 3181 1046 3245 rudis
1069 3184 1101 3245 et
1128 3181 1314 3265 incognitus

120 3304 215 3366 quam
238 3284 420 3366 exploratus
442 3282 657 3367 probatusque
673 3282 842 3347 humanior
863 3283 974 3347 melior
996 3282 1129 3366 peritior
1150 3282 1248 3346 fuisse
1270 3282 1315 3346 vi·

189 3522 311 3589 lgioria
328 3523 355 3571 M
421 3523 451 3572 in
468 3523 578 3574 homine
597 3520 751 3573 uenerabili
769 3528 914 3573 sacraest.
936 3523 972 3573 sit
990 3523 1063 3589 apud
1082 3527 1141 3574 ter
1197 3527 1314 3574 isacra

122 3596 164 3643 est
181 3592 219 3643 sit
236 3607 254 3641 a
323 3590 485 3656 antiquitati
502 3605 516 3640 r
534 3589 569 3655 (i)
590 3591 691 3642 Curtius
710 3591 885 3655 antiquitatis
909 3594 980 3646 Μςα
1048 3595 1063 3641 3
1082 3592 1164 3641 sitin
1182 3591 1284 3641 tabulis
1297 3607 1314 3640 a

182 3661 199 3710 4
217 3659 287 3709 nihil
305 3660 390 3710 etiam
409 3676 443 3710 ex
461 3661 610 3710 iactatione
629 3661 656 3706 Μ
678 3657 747 3706 nihil
770 3674 804 3708 ex
826 3658 966 3710 cuiusdam
984 3659 1134 3710 iactatione
1153 3672 1167 3706 r
1190 3659 1259 3709 nihil
1279 3675 1313 3708 ex

122 3728 284 3793 cuiusquam
297 3727 452 3777 iactatione
471 3739 510 3781 §a
572 3730 588 3777 6
606 3743 660 3776 non
679 3726 763 3776 uictis
787 3725 836 3775 sed
854 3728 1012 3792 petentibus
1031 3726 1183 3776 dederitis
1199 3743 1254 3777 non
1273 3727 1313 3776 in·

120 3797 185 3847 uitis
205 3795 254 3846 sed
273 3795 432 3861 petentibus
446 3794 578 3845 dederitr
594 3810 649 3844 non
667 3794 742 3843 uicta
760 3793 810 3843 sed
828 3794 984 3858 petentibus
1003 3794 1110 3845 dederit
1127 3808 1144 3842 a
1162 3810 1216 3844 non
1235 3795 1311 3845 uicta

121 3863 271 3928 acceperit,
291 3862 339 3912 sed
357 3863 513 3928 petentibus
533 3862 642 3912 dederit
661 3861 800 3911 Sichardua
861 3861 1118 3912 iiacacdemonem
1135 3864 1162 3908 lii
1214 3862 1311 3913 8bar-

119 3931 271 3996 harumque
290 3935 333 3980 est
351 3942 389 3986 ςα
457 3930 644 3981 9ualitudine
663 3931 691 3977 Η
760 3931 788 3977 11
810 3929 875 3993 quid
894 3944 1002 3994 quaque
1021 3944 1038 3977 a
1124 3929 1246 3978 sueratr
1407 3988 1410 3992 Α

121 4002 152 4050 12
176 3999 301 4049 desierat
318 4010 335 4054 ς
387 4002 418 4048 13
437 3999 490 4047 nisi
508 3998 618 4048 humilis
636 4000 686 4052 115
704 3996 757 4046 nisi
776 3997 822 4060 qui
839 3996 951 4047 humilis
969 4013 986 4046 a
1004 3997 1057 4046 nisi
1074 3997 1183 4047 mobilia
1200 4011 1214 4045 r
1284 4000 1315 4048 14

119 4063 256 4133 potestas]
277 4071 369 4132 portas
387 4065 422 4115 r*
488 4068 518 4116 15
537 4065 634 4129 adquir
641 4102 707 4118 .....
726 4064 862 4129 longeque
881 4082 934 4115 eam
952 4067 1029 4115 litura
1047 4067 1155 4130 quinque
1173 4068 1314 4114 litterarum

118 4138 146 4184 Η
216 4137 248 4184 16
267 4133 441 4200 optinendum
459 4136 486 4181 Π
556 4137 586 4183 17
606 4131 652 4198 ac]
673 4138 733 4183 atr
803 4133 834 4182 18
852 4138 976 4183 uertatur
993 4148 1010 4182 a
1090 4134 1122 4183 19
1140 4130 1240 4198 ipsum]
1260 4133 1314 4198 ipsi

117 4218 131 4252 r
201 4205 234 4253 20
253 4204 473 4267 quantumcirque
490 4200 524 4249 r*
593 4205 624 4251 21
645 4200 801 4250 ciuitatium
819 4214 836 4248 a
909 4203 942 4251 22
955 4198 990 4266 si]
1012 4201 1048 4250 sit
1065 4203 1097 4248 r*
1166 4201 1198 4250 23
1217 4202 1314 4266 accepi

117 4270 193 4337 quod
210 4267 242 4319 r*
318 4273 352 4320 24
370 4286 402 4320 ex
420 4269 547 4334 bythinia
563 4273 590 4318 Μ
607 4270 635 4319 in
653 4268 797 4320 Bithinnia
815 4283 829 4317 r
914 4269 1016 4334 optima
1034 4268 1161 4318 reuixisti
1178 4283 1192 4317 r
1211 4269 1313 4333 optima

119 4338 257 4393 rexistis
324 4339 357 4388 25
376 4338 531 4387 tribunatus
549 4334 691 4402 praetura]
712 4335 883 4400 principatus
907 4342 1082 4400 praeterear
1168 4337 1202 4384 26
1220 4339 1312 4386 niten-

116 4404 192 4472 dum]
215 4405 352 4456 interdurn
370 4420 384 4454 r
411 4404 606 4455 intendendum
624 4418 641 4460 ς
701 4407 730 4453 in
744 4403 920 4468 longinquam
938 4405 1110 4469 prouinciam
1124 4418 1204 4466 quam
1218 4404 1314 4454 subur-

115 4479 220 4527 banam
238 4488 255 4522 a
274 4474 302 4522 in
320 4474 473 4539 longinqua
491 4474 632 4537 prouincia
656 4489 736 4538 quam
759 4473 787 4520 in
807 4472 995 4522 suburbanar
1016 4475 1045 4521 in
1068 4471 1234 4536 longinquas
1252 4489 1314 4538 pro·
1397 4481 1400 4487 ’

114 4543 230 4595 uincias
249 4557 330 4606 quam
348 4543 377 4592 in
396 4542 553 4593 suburbana
573 4554 590 4596 ς
659 4542 692 4592 28
711 4545 783 4590 sorte
802 4554 819 4587 a
840 4540 912 4589 forte
931 4542 977 4588 nr
