3024 5062
160 285 247 334 xxv1
655 285 719 335 Pleu
725 284 862 334 assuto.

159 439 263 526 quinti
279 439 474 524 continebat.
500 460 538 503 ex
552 438 613 504 hoc
627 437 832 504 Florentinus
849 439 946 505 codex
959 442 992 504 et
1007 442 1082 504 ante
1096 438 1198 524 huno,
1219 442 1257 504 ut
1268 439 1354 506 vide·

159 536 644 628 tur,Riooardianusdescriptus
660 543 723 624 est3
739 539 949 606 eFlorentino
964 541 1079 606 deinde
1091 541 1215 607 codices
1223 544 1353 607 centum

159 643 376 728 epistularum,
401 643 515 728 quibus
537 643 613 708 solis
640 646 767 727 praeter
789 641 861 707 illos
884 646 962 729 quos
980 643 1073 708 modo
1086 643 1152 708 dixi
1173 665 1231 728 per
1252 643 1353 708 maxi·

157 767 243 811 mam
264 740 389 830 partem
411 745 516 830 quinti
543 744 658 809 decimi
678 744 796 810 saeculi
818 744 894 809 Itali
909 746 1093 830 utebantur,
1109 745 1244 810 derivati
1265 749 1351 810 sunt.

242 846 293 912 Ex
313 847 364 912 his
386 850 535 932 quattuor
549 847 710 912 veteribus
732 846 982 931 exemplaribus,
1007 847 1155 932 equibus
1176 868 1231 912 eos
1252 847 1352 912 libros

156 949 271 1034 quibus
298 970 385 1015 nunc
410 948 531 1014 utimur
551 949 662 1014 ductos
685 969 754 1013 esse
786 947 863 1031 dixi,
892 947 920 1011 si
947 951 1127 1032 superesset
1160 947 1239 1014 illud
1268 949 1353 1034 quod

155 1050 260 1134 primo
284 1051 354 1115 loco
374 1052 482 1135 posui,
505 1072 571 1116 non
587 1049 697 1115 dubito
713 1050 791 1134 quin
806 1049 947 1115 rationes
964 1048 1094 1115 criticae
1110 1050 1188 1114 artis
1202 1050 1238 1114 in
1252 1050 1352 1115 Plinii

158 1152 303 1239 epistulis
325 1153 481 1218 multost
503 1152 711 1237 simpliciores
735 1155 768 1216 et
789 1153 940 1216 certiores
961 1151 1089 1216 futurae
1111 1152 1241 1216 fuerint.
1265 1174 1353 1217 nunc

157 1253 289 1320 dubium
315 1275 385 1320 esse
412 1276 479 1320 non
508 1257 614 1338 potest
634 1255 712 1339 quin
740 1255 889 1338 princeps
917 1254 1005 1318 locus
1033 1253 1186 1319 debeatur
1207 1253 1352 1320 Mediceo

158 1354 257 1421 codici
273 1355 334 1443 (Μ)
351 1359 383 1422 et
397 1358 570 1422 coniuncto
593 1378 665 1421 cum
688 1378 724 1421 eo
739 1357 774 1420 in
790 1358 943 1440 quattuor
957 1355 1070 1440 primis
1085 1355 1176 1421 libris
1191 1355 1352 1422 Vaticano

158 1457 229 1544 (v).
253 1479 446 1544 quamquam
457 1458 505 1524 illi
522 1479 646 1544 quoque
656 1462 784 1542 praeter
806 1459 934 1540 apertos
957 1478 1089 1540 errores,
1113 1458 1168 1542 qui
1186 1459 1348 1525 neminem

156 1559 269 1626 fallere
290 1564 444 1647 possunt,
476 1563 583 1625 vetere
605 1558 821 1644 interpolandi
850 1558 971 1643 studio,
1000 1559 1083 1643 quod
1111 1581 1222 1625 omnes
1252 1561 1352 1626 Plinii

122 1741 133 1751 ,
157 1662 255 1728 libros
276 1663 458 1749 occupavit,
486 1661 677 1747 gravissima
705 1660 785 1726 vitia
806 1662 986 1726 traxerunt.
1010 1661 1152 1726 adhaec
1175 1665 1282 1727 autem
1304 1663 1350 1728 di-

158 1763 330 1831 iudicanda
363 1765 399 1831 in
430 1764 535 1848 priore
566 1765 659 1847 parte
691 1762 899 1847 epistularum
933 1763 995 1827 duo
1027 1763 1133 1848 parati
1161 1766 1238 1828 sunt
1263 1763 1349 1848 libri,

156 1865 362 1933 Florentinus
379 1866 435 1953 (Ἐ)
460 1868 494 1931 et
506 1864 696 1931 Dresdensis
720 1865 788 1952 (D),
805 1867 841 1928 ut
854 1886 958 1949 pauca
973 1863 1179 1932 Riccardiani
1200 1869 1351 1951 excerpta

26 2039 30 2046 ,
156 1991 244 2036 nunc
272 1969 430 2038 omittam.
479 1988 554 2033 nam
586 1967 742 2052 impressa
775 1967 985 2051 exemplaria,
1018 1970 1189 2052 propterea
1221 1968 1306 2053 quod
1333 1991 1353 2032 a

156 2071 345 2137 Florentino
367 2070 474 2136 codice
495 2069 653 2154 pendent,
674 2068 709 2133 in
731 2068 793 2134 hac
807 2072 899 2154 parte
921 2072 978 2135 aut
991 2068 1115 2134 nullam
1131 2072 1187 2134 aut
1201 2070 1351 2156 exiguam

157 2172 382 2240 auctoritatem
402 2171 533 2237 hebent.

240 2273 311 2339 Iam
332 2295 407 2340 vero
430 2273 530 2339 exiis
552 2295 633 2359 quae
655 2275 694 2339 de
716 2273 817 2358 stirpe
832 2274 986 2339 librorum
1001 2273 1087 2339 dicta
1109 2276 1185 2339 sunt
1207 2275 1352 2360 sequitur

155 2378 192 2443 in
213 2376 253 2442 iis
274 2375 370 2461 locis,
393 2376 428 2442 in
450 2376 659 2461 quibuscum
680 2375 824 2441 Mediceo
853 2378 886 2440 et
905 2374 1066 2441 Vaticano
1088 2376 1196 2442 codice
1217 2375 1268 2441 vel
1290 2377 1352 2442 hoc

157 2479 325 2546 deficiente
347 2499 418 2544 cum
441 2500 505 2542 uno
527 2477 670 2544 Mediceo
692 2477 884 2543 Dresdensis
907 2478 1070 2543 consentit
1091 2480 1203 2543 contra
1218 2477 1351 2545 Floren-

156 2581 261 2647 tinum
284 2580 440 2665 codicem,
467 2602 540 2646 eum
569 2601 760 2645 consensum
787 2580 958 2665 plurimum
984 2579 1104 2644 habere
1131 2581 1344 2646 auctoritatis.

156 2686 225 2749 tum
252 2682 339 2748 enim
366 2681 559 2761 Florentini·
574 2682 691 2748 codicis
718 2682 877 2766 scriptura
910 2681 1098 2768 plerumque
1125 2682 1351 2767 interpolatori

156 2784 298 2850 debetur.
319 2783 410 2850 cuius
425 2785 554 2870 genesis
575 2785 745 2850 innumera
760 2786 837 2848 sunt
858 2784 1019 2869 exempla,
1042 2807 1074 2868 p.
1090 2784 1143 2869 49,
1157 2784 1200 2849 20
1220 2806 1350 2866 sequan-

156 2896 207 2953 tur
229 2891 384 2951 auditores
405 2892 558 2951 actoriden
578 2893 688 2951 similes
708 2892 855 2952 conducti
873 2895 903 2951 et
923 2892 1086 2968 redempti,
1116 2908 1259 2967 manceps
1280 2909 1351 2952 con·

156 2994 277 3055 aeuitur
297 2996 406 3053 ΜΠ)
428 2998 594 3068 sequantur
614 2994 770 3053 auditores
796 2993 970 3054 auctoribus
995 2995 1103 3054 similes
1131 2996 1310 3054 conuertitur
1330 3011 1351 3054 a

156 3095 312 3157 conductis
333 3101 363 3154 et
377 3095 539 3170 redemptis
556 3100 600 3156 Ἐς
623 3091 726 3176 76,29
749 3096 822 3155 dari
840 3096 900 3155 sibi
920 3095 1059 3155 diemedi
1077 3097 1351 3172 criminapostula-

155 3197 207 3258 bat
227 3203 256 3258 1)
279 3196 352 3256 dari
371 3197 430 3256 sibi
449 3197 526 3257 idem
549 3204 579 3258 et
600 3199 650 3258 edi
668 3199 797 3258 crimina
816 3196 991 3273 postulabat
1005 3201 1078 3257 MV
1101 3198 1174 3257 dari
1193 3198 1251 3258 sibi
1271 3199 1349 3259 diem

156 3300 200 3359 ad
220 3298 363 3358 diluenda
384 3299 513 3359 crimina
528 3302 755 3375 postulauitF:
779 3294 830 3380 99,
853 3295 892 3358 13
916 3298 1084 3359 Corneliam
1105 3301 1262 3361 aestalium
1284 3316 1348 3360 ma·

154 3402 271 3463 :cimam
292 3403 402 3461 ΜΠ)
424 3404 590 3462 corneliam
605 3403 804 3463 maximillam
827 3403 969 3462 aestatem
988 3406 1032 3460 Ἐς
1059 3397 1167 3481 102,5
1188 3401 1243 3461 sed
1258 3403 1350 3477 prius
1418 3442 1427 3473 2

149 3504 263 3579 'accipe
276 3518 388 3563 causas
401 3503 535 3578 repandi
547 3509 657 3565 ΠΙ)
679 3504 735 3564 sed
743 3505 833 3579 prius
848 3505 954 3579 accipe
968 3519 1078 3565 causas
1093 3504 1228 3579 repandi
1241 3504 1350 3564 deinde

154 3609 253 3682 ipsum
274 3605 358 3681 quod
371 3610 445 3682 peto
466 3611 507 3666 Ἐς
532 3601 604 3684 106,
628 3602 648 3666 9
669 3609 804 3681 iquosce,
824 3607 957 3681 primam
979 3607 1061 3682 qnod
1084 3639 1120 3651 -
1145 3621 1204 3667 non
1226 3611 1350 3666 matura

155 3709 210 3768 sed
228 3724 299 3768 sera
319 3712 403 3784 sant,
428 3709 538 3768 deinde
559 3709 641 3784 quod
659 3725 759 3768 reram
781 3725 856 3784 quas
871 3709 998 3783 adsequi
1017 3710 1124 3784 cupias
1141 3710 1351 3785 praesumptio

155 3813 224 3887 ipsa
245 3809 379 3870 iucunda
400 3815 444 3869 est
464 3813 572 3870 MVD
594 3811 715 3885 ipnosce
734 3813 865 3886 primum
894 3811 966 3887 qnia
992 3813 1069 3872 uotis
1096 3813 1157 3871 suis
1178 3826 1265 3871 amor
1282 3812 1349 3886 ple·

155 3928 281 3987 rumque
304 3914 483 3988 praecurrit
509 3914 617 3973 deinde
644 3914 726 3989 qaod
749 3945 780 3956 -
809 3928 870 3973 non
897 3921 1017 3974 matura
1045 3913 1100 3973 sed
1125 3929 1195 3973 sera
1223 3918 1291 3972 sant
1318 3914 1349 3971 in

28 4076 32 4085 s
155 4031 269 4075 smnma
291 4014 373 4090 qaod
393 4014 470 4074 uotis
492 4031 560 4094 sqq.
581 4019 625 4075 Ἐς
648 4010 699 4075 vel
725 4009 844 4074 leviora
864 4010 963 4095 talia,
985 4033 1018 4095 p.
1042 4009 1094 4093 32,
1120 4010 1160 4075 15
1188 4015 1352 4075 clarissimi

155 4119 246 4197 ciuis,
271 4116 401 4194 perinde
424 4114 525 4190 felicis
546 4121 653 4178 ΠΙ)
680 4118 842 4178 clarissimi
867 4119 943 4178 ciuis
970 4122 1000 4177 et
1023 4117 1152 4191 perinde
1177 4116 1282 4188 felicis
1304 4121 1348 4177 Ἐς

155 4215 207 4292 40,
234 4212 274 4278 14
295 4218 382 4293 dipni
401 4219 461 4278 sint
475 4220 564 4280 modo
585 4224 693 4279 MVD
716 4225 748 4278 ut
769 4221 856 4293 dipni
875 4221 936 4279 sint
961 4218 1050 4279 moda
1071 4223 1115 4277 Ἐς
1146 4213 1197 4295 66,
1223 4214 1262 4277 16
1286 4220 1347 4278 ad-

155 4321 229 4381 stitit
249 4321 279 4379 ei
298 4323 405 4380 MVD
427 4321 545 4381 adstitit
564 4322 643 4380 enim
665 4322 695 4380 ei
713 4325 759 4380 Ἐς
782 4315 834 4398 83,
856 4316 877 4382 5
899 4325 932 4381 ut
959 4337 1019 4381 non
1041 4322 1157 4380 moriar
1178 4324 1288 4380 mvl>
1311 4337 1349 4380 ne

155 4423 271 4482 moriar
291 4426 335 4481 Ἐς
366 4418 436 4502 107,
458 4415 481 4481 4
506 4437 617 4497 mapno
638 4437 706 4482 eum
727 4421 844 4496 labore,
875 4424 991 4483 maiore
1016 4438 1084 4483 cam
1108 4420 1217 4494 fractu
1238 4426 1347 4482 MVD

155 4538 268 4600 mapno
288 4539 353 4588 eam
375 4524 479 4587 labore
500 4525 554 4586 sed
566 4526 682 4587 maiore
694 4540 763 4586 cum
779 4523 889 4600 fractu
902 4529 939 4585 Ἐ.
962 4521 1195 4586 verumtamen
1215 4522 1350 4604 propter
