3024 5062
31 341 33 347 ,
139 285 191 332 xrr
603 346 608 355 ι
633 281 840 328 00000000.

145 436 265 503 ‘Codex
286 436 340 501 hio
363 437 501 521 scriptus
524 438 573 499 001
594 456 680 498 armo
703 432 949 518 DOOOOLHII,
978 436 1014 498 ut
1040 435 1075 498 in
1098 434 1213 500 Oodice
1236 457 1335 498 manu

142 541 412 623 contemporanea
434 538 622 602 adnotatum
645 539 708 619 est,
738 538 771 600 01
797 536 921 600 librarii
948 536 1038 600 fuere
1061 535 1236 601 Gulielmus
1259 534 1338 600 Sub-

143 640 299 704 diaconus
328 643 360 704 et
386 639 475 704 Elias
503 637 748 704 Subdiaconus?
777 637 875 700 101110
882 687 891 721 ,
925 637 1030 701 medio
1053 640 1084 700 et
1106 637 1170 700 fine
1197 636 1337 719 mutilus,

142 741 196 806 sed
218 741 523 825 praestantissimus.
562 738 700 805 Constat
720 739 807 803 foliis
830 739 958 822 scriptis
982 739 1066 802 191’.
1090 743 1256 822 praeterea
1277 738 1338 802 Lu-

142 842 274 908 dorieus
296 843 335 907 de
357 842 417 906 Ian
439 841 518 905 mihi
540 841 685 905 narravit
707 861 751 924 se,
776 862 889 905 cuma.
910 839 990 904 1829
1013 841 1152 904 codicem
1174 842 1337 923 tractaret,

140 943 293 1027 epistulas
317 944 352 1009 10
381 946 539 1021 00100000Ι
551 946 643 1028 parte
675 943 791 1007 codicis
824 943 961 1027 scriptas
991 942 1116 1006 vidisse.
1161 942 1230 1026 ipse
1265 963 1336 1006 cum

140 1066 226 1109 anno
250 1045 333 1110 1845
360 1043 399 1108 de
421 1044 526 1135 Plinii
548 1044 693 1128 epistulis
715 1044 750 1108 10
774 1043 989 1108 Riecardiana
1018 1043 1214 1107 bibliotheca
1241 1065 1335 1126 quae-

143 1165 262 1228 rerem,
286 1145 365 1209 folia
389 1147 462 1228 173,
485 1146 516 1210 10
541 1146 656 1230 quibus
672 1145 830 1210 naturalis
846 1145 999 1210 historiae
1014 1145 1089 1209 libri
1104 1145 1217 1228 scripti
1233 1147 1352 1228 erant,¹

141 1247 176 1311 in
198 1246 307 1312 codice
320 1247 434 1312 relicta
457 1268 541 1331 esse,
564 1247 620 1312 sed
642 1248 677 1311 in
699 1248 762 1312 fine
779 1248 955 1332 complures
971 1248 1229 1312 membranarum
1242 1247 1337 1310 fasci-

142 1347 228 1413 culos
251 1348 372 1413 excisos
394 1349 474 1432 vidi,
497 1370 600 1433 neque
615 1349 654 1413 de
670 1349 814 1432 epistulis
830 1349 1001 1433 quicquam
1022 1349 1199 1415 indicatum
1214 1348 1334 1413 inveni.

139 1449 326 1516 Detlefseno
349 1453 457 1515 autem
479 1454 608 1516 auctore
631 1449 652 1513 l.
677 1473 704 1516 0.
727 1473 760 1535 p.
784 1450 847 1515 280
875 1472 961 1516 0000
985 1451 1067 1516 1832
1095 1472 1132 1515 00
1153 1471 1228 1534 pars
1252 1449 1336 1514 codi-

139 1551 193 1630 cis,
218 1552 253 1616 in
275 1574 339 1636 qua
361 1553 516 1636 epistulae
538 1554 677 1636 scriptae
706 1556 814 1637 erant,
838 1575 903 1618 000
926 1575 998 1618 eum
1020 1553 1091 1617 aliis
1114 1552 1275 1617 codicibus
1299 1574 1337 1615 ex

137 1651 352 1719 Riceardiana
380 1655 575 1719 bibliotheca
601 1655 689 1719 furto
722 1655 856 1738 abrepta
891 1676 959 1720 esse
988 1656 1113 1720 dicitur.
1159 1657 1335 1739 scripturas

137 1755 253 1820 eodieis
276 1755 352 1820 olim
375 1779 394 1821 a
417 1756 514 1821 Gorio
542 1757 729 1821 Florentino
752 1761 917 1841 excerptas
939 1780 958 1821 a
985 1757 1141 1822 Dorvillio
1169 1761 1337 1842 acceperat

142 1856 286 1942 Curtius,
317 1881 356 1924 ex
379 1859 468 1923 euius
492 1859 631 1924 editione
660 1882 877 1945 quaecumque
904 1859 1006 1923 relata
1033 1859 1143 1924 inveni
1170 1859 1204 1922 10
1232 1880 1336 1923 meam

139 1959 382 2025 adnotationem
403 1962 520 2045 recepi.
559 1962 747 2026 continebat
762 1965 868 2026 autem
883 1961 1114 2026 Riooardianus
1138 1960 1236 2025 codex
1257 1964 1335 2045 tum,

136 2078 208 2126 oum
237 2060 354 2126 Gorius
388 2085 425 2128 eo
452 2064 620 2147 utebatur,
656 2064 784 2128 easdem
813 2063 968 2146 epistulas
996 2084 1077 2146 quae
1105 2062 1140 2126 in
1167 2061 1335 2126 Marciano

136 2162 276 2246 scriptae
297 2166 374 2228 sunt
397 2164 488 2248 (nam
510 2165 649 2249 epistula
671 2165 738 2229 IIII
759 2165 800 2229 26
823 2165 858 2228 10
880 2164 941 2229 hoe
962 2185 1086 2247 quoque
1102 2167 1218 2228 omissa
1234 2163 1334 2248 erat);

136 2264 250 2328 ultima
271 2267 381 2329 tamen
403 2265 542 2349 epistula
563 2266 599 2330 in
614 2267 679 2330 fine
694 2266 863 2350 mutilata,
888 2267 926 2330 de
949 2287 1011 2349 quo
1033 2260 1113 2330 liaeo
1135 2265 1244 2329 scribit
1260 2265 1334 2331 Cor-

135 2365 257 2430 110010
280 2389 330 2450 ep.
354 2365 385 2431 V
406 2368 436 2450 6,
458 2368 516 2451 32,
539 2367 606 2432 ‘sed
629 2367 665 2431 in
686 2368 783 2432 verbo
802 2379 948 2447 pererrat
970 2368 1016 2451 (p.
1043 2368 1118 2450 128,
1141 2367 1198 2449 26)
1228 2367 1336 2439 deficit

136 2467 253 2550 probus
285 2467 341 2533 ille
363 2467 594 2534 Riccardianus
628 2469 741 2554 codex,
775 2470 906 2554 reliquis
939 2469 1058 2534 iniuria
1080 2473 1260 2552 temporum
1283 2470 1335 2534 de-

136 2569 281 2654 perditis
318 2570 425 2654 itaque
448 2569 515 2636 eius
537 2572 689 2657 suffragio
712 2573 746 2635 in
768 2575 936 2656 posterum.
953 2572 1001 2636 uti
1023 2593 1090 2635 non
1113 2571 1238 2656 licebit,
1268 2572 1332 2635 nisi

135 2671 170 2734 in
192 2671 296 2753 titulis
317 2672 538 2757 Epistolarum
559 2674 653 2738 huius
675 2673 746 2738 Lib.
769 2672 810 2738 V.
833 2673 878 2738 Hi
901 2673 1002 2755 enim,
1033 2672 1107 2756 quia
1129 2673 1187 2737 sub
1204 2673 1334 2737 initium

137 2772 288 2858 cuiusque
310 2774 385 2838 libri
406 2776 660 2859 perscribuntur,
683 2776 803 2840 seruati
826 2779 929 2841 sunt'.
959 2777 1015 2840 sed
1037 2776 1188 2859 quoniam
1210 2775 1333 2839 indices

136 2875 346 2958 epistularum
377 2877 533 2942 10101110
565 2877 719 2942 librorum
747 2878 874 2961 scripti,
908 2879 944 2941 in
970 2878 1085 2961 quibus
1107 2878 1334 2960 inscriptiones

137 2998 207 3041 oum
230 2977 342 3060 primis
364 2978 470 3042 verbis
492 2978 587 3043 unius
604 2979 754 3063 cuiusque
777 2978 933 3062 epistulae
964 2979 1091 3061 positae
1114 2982 1219 3063 erant,
1249 2981 1333 3043 sicut

136 3080 169 3142 et
199 3078 260 3143 hoo
288 3078 359 3143 loco
387 3082 420 3143 et
449 3079 519 3144 aliis
541 3079 686 3165 pluribus
709 3079 834 3146 eortius
863 3079 1003 3163 indicat,
1039 3102 1138 3165 usque
1172 3081 1332 3145 ad0finem

136 3183 221 3245 certe
243 3181 349 3264 quinti
371 3181 444 3246 libri
466 3182 613 3267 perducti
636 3185 745 3265 erant,
774 3181 841 3245 veri
871 3181 974 3245 simile
1003 3185 1051 3246 est
1073 3183 1212 3269 quinque
1234 3183 1333 3248 libros

135 3283 280 3367 integros
313 3283 390 3347 olim
421 3283 457 3348 in
486 3283 593 3348 codice
615 3283 724 3347 fuisse.
757 3282 855 3347 immo
887 3283 914 3347 si
938 3283 1095 3348 eredimus
1117 3285 1331 3369 inscriptioni,

135 3407 231 3470 quam
252 3383 387 3471 Rigolus
420 3385 455 3451 10
478 3384 691 3469 descriptione
725 3385 842 3449 codicis
870 3387 990 3469 posuit,
1026 3395 1056 3452 0.
1086 3393 1181 3454 Plinii
1200 3392 1336 3452 Secundi

134 3494 334 3568 epistularum
356 3495 428 3553 liora·
447 3509 573 3554 numero
595 3494 713 3570 decem,
736 3509 929 3571 quamquam
951 3487 1061 3553 dubito
1085 3512 1162 3554 num
1185 3489 1264 3554 haec
1287 3490 1333 3553 ita

136 3612 155 3654 a
177 3593 283 3654 vetere
302 3589 437 3654 librario
460 3591 580 3673 scripta
602 3589 684 3674 sint,
713 3610 780 3653 non
802 3591 904 3653 solum
925 3590 1066 3675 quinque
1088 3592 1160 3654 libri
1184 3592 1239 3655 sed
1261 3592 1333 3655 reli-

135 3693 190 3776 qui
216 3692 315 3757 etiam
343 3715 415 3756 cum
443 3693 513 3777 ipso
541 3691 622 3755 libro
649 3690 858 3775 epistularum
880 3691 978 3756 Plinii
1007 3695 1040 3756 et
1061 3693 1192 3757 Traiani
1220 3694 1332 3776 seripti

134 3793 275 3858 fuerunt.
314 3795 402 3878 atqui
425 3795 602 3877 scripturae
625 3793 753 3876 codicis,
778 3792 816 3858 de
831 3794 947 3877 quibus
963 3793 1089 3861 (lortius
1104 3796 1238 3879 rettulit,
1254 3817 1332 3879 pau-

137 3896 181 3960 cis
209 3896 351 3980 exceptis
380 3918 453 3960 oum
479 3895 645 3960 Marciano
675 3895 783 3959 codice
816 3895 913 3979 plane
941 3896 1159 3960 consentiunt.
1203 3919 1241 3961 ex
1270 3920 1332 3981 quo

136 4001 250 4081 parata
272 4019 350 4063 sane
367 3999 551 4063 coniectura
568 4002 616 4062 est
637 3999 674 4060 ut
688 3995 775 4061 huno
798 4019 836 4061 ex
857 3998 927 4081 ipso
943 3996 1171 4080 RiccardianO,
1196 3999 1332 4064 simodo

136 4099 163 4164 is
187 4103 292 4165 001010
314 4101 458 4184 superior
479 4100 559 4181 fuit,
583 4103 667 4184 tum,
693 4121 765 4163 oum
786 4100 915 4184 integra
937 4102 1006 4164 erat
1025 4103 1115 4164 sexta
1137 4101 1212 4164 libri
1226 4102 1332 4185 quinti

136 4202 289 4287 epistula,
313 4202 508 4286 descriptum
532 4223 600 4266 esse
624 4202 752 4285 eiusque
776 4201 936 4266 defectum
960 4222 1088 4265 causam
1102 4202 1201 4266 fuisse
1224 4203 1331 4267 existi-

135 4325 273 4387 memus,
298 4326 353 4368 cur
375 4304 497 4387 reliqua
519 4304 553 4369 in
576 4303 740 4368 Marciano
765 4304 872 4369 codiee
899 4305 1132 4372 omitterentur.
1167 4328 1244 4369 nam
1267 4306 1330 4389 epi-

136 4403 254 4469 stulam
277 4428 402 4490 quoque
424 4405 491 4471 IIII
512 4406 571 4489 26,
606 4428 687 4490 quae
719 4406 755 4471 in
787 4408 923 4490 utroque
944 4406 1027 4473 libro
1049 4406 1166 4470 omissa
1199 4410 1262 4491 est,
1295 4408 1331 4470 in

136 4505 349 4574 Rieoardiano
381 4529 448 4574 nou
481 4507 613 4577 consilio
640 4508 807 4595 reiectam,
842 4509 896 4574 sed
920 4516 1000 4574 'casu
1026 4509 1234 4593 praeteritam
1261 4531 1330 4576 esse
