3068 5070
191 278 254 341 272
601 294 631 341 0.
655 294 752 340 Parui
775 295 818 340 nr
842 293 988 340 rusiam

192 467 416 528 praeceperas,
440 447 583 530 ederem,
608 446 789 510 admonitus
812 468 883 509 sum
905 467 924 508 a
945 445 1151 529 peritioribus
1168 445 1314 508 debuisse
1335 464 1389 506 me

193 550 269 612 ante
301 548 331 613 ei
353 549 607 613 Alexandrinam
631 548 795 612 civitatem
827 548 1015 631 impetrare,
1050 547 1165 611 deinde
1193 546 1386 630 Romanam,

163 651 343 733 2qu0niam
359 653 442 715 esset
456 651 648 736 Aegyptius.
680 672 740 735 ego
760 652 884 732 autem,
907 649 982 734 quia
1003 650 1089 713 inter
1104 649 1282 734 Aegyptios
1304 649 1389 711 oete-

192 773 306 835 rosque
333 753 521 837 peregrinos
549 750 633 816 nihil
664 752 818 815 interesse
846 752 1029 834 credebam,
1065 753 1235 816 contentus
1262 748 1390 813 fueram

193 853 254 917 hoc
281 853 383 918 solum
406 855 544 918 scribere
571 853 647 936 tibi,
677 875 750 917 eum
771 853 896 917 scilicet
922 876 941 916 a
962 853 1135 938 peregrina
1156 851 1389 916 manumissum

193 958 426 1039 patronamque
450 957 516 1019 eius
538 955 603 1018 iam
618 955 742 1039 pridem
757 955 940 1019 decessisse.
971 955 1010 1018 de
1031 977 1095 1039 qua
1116 953 1302 1039 ignorantia
1315 972 1414 1019 meas

193 1078 260 1120 non
282 1079 412 1142 queror,
446 1079 504 1142 per
526 1078 622 1141 quam
644 1057 736 1120 stetit
756 1060 794 1120 ut
815 1057 875 1121 tibi
897 1079 955 1140 pro
978 1055 1087 1120 eodem
1110 1055 1239 1119 homine
1260 1054 1389 1139 saepius

194 1158 365 1242 obligarer.
403 1180 483 1243 rogo
509 1159 635 1243 itaque,
665 1162 703 1222 ut
729 1159 884 1223 beneficio
911 1162 967 1223 tuo
994 1158 1138 1242 legitime
1164 1157 1229 1221 frui
1256 1148 1410 1241 possim?

193 1259 316 1323 tribuas
340 1261 369 1324 ei
398 1264 430 1324 et
452 1261 706 1325 Alexandrinam
729 1261 893 1325 civitatem
916 1263 948 1324 et
969 1260 1158 1324 Romanam.
1195 1280 1297 1322 annos
1320 1258 1389 1322 eius

195 1367 228 1424 et
250 1383 396 1446 censum,
420 1384 461 1426 ne
483 1363 559 1446 quid
580 1384 690 1426 rursus
711 1363 947 1448 indulgentiam
968 1365 1057 1426 tuam
1076 1364 1270 1444 moraretur,
1293 1359 1389 1423 Iiber-

194 1462 238 1526 tis
259 1465 323 1527 tuis
345 1464 460 1548 quibus
481 1466 620 1529 iusseras
641 1465 725 1529 misi.
1403 1489 1428 1528 ιο

606 1633 680 1699 VII.
706 1632 853 1722 [XXIII]
878 1645 912 1712 (a.
929 1621 977 1712 Ι91)

631 1756 816 1808 Tauranus
839 1756 965 1808 ranno

282 1870 453 1936 Civitatem
475 1871 729 1935 Alexandrinam
752 1872 927 1936 secundum
948 1872 1185 1935 institutionem
1206 1870 1390 1955 principum

196 1994 263 2036 non
285 1973 503 2057 temere-dare
524 1975 686 2057 proposui.
717 1974 773 2038 sed
796 1997 868 2038 cum
882 1973 1094 2058 Harpocrati,
1118 1972 1299 2055 iatraliptae
1321 1973 1430 2052 tu0,315

198 2075 263 2137 iam
285 2075 449 2138 civitatem
464 2073 644 2139 Romanam
659 2075 891 2160 impetraveris,
914 2074 990 2140 huic
1004 2097 1128 2160 quoque
1143 2073 1291 2159 petitioni
1314 2076 1391 2137 tuae

197 2197 319 2260 negare
345 2198 412 2240 non
440 2177 592 2264 sustineo
629 2180 666 2240 tu
694 2199 732 2240 ex
759 2198 821 2261 quo
849 2199 945 2241 nomo
974 2178 1017 2241 sit
1043 2180 1155 2240 notum
1177 2175 1256 2239 mihi
1283 2174 1392 2239 facere

198 2277 344 2360 debebis,
375 2281 411 2341 ut
439 2278 607 2362 epistulam
633 2278 694 2342 tibi
723 2279 762 2342 ad
784 2279 972 2363 Pompeium
1000 2279 1162 2361 Plantam,
1191 2275 1393 2361 praefectum

198 2380 341 2464 Aegypti
347 2430 357 2463 ,
382 2379 520 2444 amicum
541 2402 664 2463 meum,
687 2380 825 2444 mittam.

1405 2506 1432 2546 eo

585 2548 676 2615 viu.
702 2546 866 2638 [1111111]
890 2559 926 2627 a.
949 2561 1008 2627 101)

477 2671 507 2722 C.
526 2671 674 2723 PLINIUS
693 2672 854 2723 TRAIANO
872 2672 1103 2724 IMPERATORI

171 2792 187 2851 1
284 2787 364 2854 (lum
386 2788 476 2852 divus
498 2790 591 2872 pater
612 2791 702 2872 tuus,
725 2788 871 2872 domine,
900 2791 933 2852 et
955 2786 1337 2871 orationepulcherrima
1359 2790 1393 2850 et

197 2887 422 2953 honestissimo
444 2889 587 2974 exemplo
602 2911 713 2954 omnes
736 2891 819 2954 cives
842 2891 881 2954 ad
902 2891 1155 2954 munificentiam
1177 2890 1260 2953 esset
1282 2887 1393 2952 cohor-

198 2993 303 3075 tatuS,
326 2991 405 3076 petii
420 2992 460 3055 ab
483 3013 520 3054 eo
534 2994 571 3055 ut
592 2994 715 3055 statuas
730 2992 929 3076 principum,
953 3014 1031 3076 quas
1053 2993 1088 3056 in
1103 2991 1288 3076 longinquis
1304 2989 1392 3075 agris
1406 3012 1432 3053 25

199 3114 256 3176 per
277 3093 384 3176 plures
406 3093 622 3157 successiones
643 3094 777 3157 traditas
795 3094 875 3158 mihi
897 3094 1007 3178 quales
1030 3094 1216 3178 acceperam
1235 3092 1393 3157 custodie-

199 3195 289 3278 bam,
321 3194 522 3278 permitteret
548 3195 584 3259 in
605 3195 815 3280 municipium
838 3196 1013 3260 transferre
1036 3195 1160 3260 adiecta
1188 3217 1245 3259 sua
1272 3195 1391 3258 statua.

170 3295 283 3379 2qu0d
305 3296 360 3359 ille
381 3294 461 3358 mihi
484 3317 556 3359 cum
570 3296 756 3381 plenissimo
777 3298 961 3362 testimonio
982 3296 1178 3361 indulserat:
1201 3317 1261 3381 ego
1281 3295 1393 3359 statim

200 3398 424 3462 decurionibus
439 3397 636 3482 ‚scripseram
658 3402 695 3463 ut
717 3399 928 3484 adsignarent
950 3399 1067 3482 solum,
1095 3399 1130 3463 in
1153 3419 1214 3482 quo
1236 3396 1394 3480 templum

199 3500 336 3583 pecunia
357 3521 428 3564 mea
450 3503 644 3565 extruerem:
666 3500 714 3564 illi
735 3500 940 3565 inhonorem
961 3501 1066 3584 operis
1087 3500 1187 3584 ipsius
1203 3499 1394 3563 electionem
1407 3524 1433 3564 co

170 3601 263 3666 31001
284 3601 364 3665 mihi
379 3601 572 3666 obtulerant.
603 3604 658 3667 sed
680 3603 819 3687 primum
833 3624 919 3686 mea,
944 3603 1058 3667 deinde
1079 3601 1180 3686 patris
1202 3600 1250 3664 tui
1270 3599 1394 3663 valetu-

201 3703 290 3785 dine,
313 3706 425 3787 postea
447 3705 531 3768 curis
554 3704 694 3789 delegati
717 3727 735 3768 a
756 3705 846 3769 vobis
868 3705 967 3769 officii
989 3707 1151 3787 retentuS,
1175 3725 1262 3767 nunc
1285 3701 1395 3766 videor

202 3805 454 3870 commodissime
476 3827 569 3889 posse
591 3806 626 3869 in
641 3827 708 3868 rem
727 3809 929 3888 praesentem
945 3827 1121 3870 excurrere.
1152 3827 1229 3869 nam
1251 3806 1283 3868 et
1304 3825 1395 3867 men-

201 3910 325 3970 struum
346 3929 451 3971 meum
479 3908 626 3972 kalendis
649 3907 889 3991 Septembribus
911 3908 1038 3992 finitur,
1063 3911 1095 3971 et
1117 3928 1251 3991 sequens
1273 3905 1394 3969 mensis

172 4007 381 4094 4complures
410 4009 477 4074 dies
504 4010 636 4073 feriatos
659 4009 766 4073 habet.
796 4031 876 4094 rogo
898 4030 975 4094 ergo
998 4012 1073 4074 ante
1095 4009 1202 4073 omnia
1224 4008 1395 4092 permittas
1409 4035 1435 4076 ss

201 4110 281 4175 mihi
302 4133 382 4194 opus
404 4113 487 4196 quod
508 4112 717 4176 inchoaturus
740 4134 809 4178 sum
824 4134 978 4176 exornare
1000 4115 1033 4176 et
1054 4115 1110 4176 tua
1128 4114 1244 4194 statua,
1266 4109 1393 4193 deinde,

228 4270 402 4277 .—..,—.—-

269 4351 337 4401 VIII
355 4352 397 4402 De
410 4354 508 4403 statuis
529 4354 683 4420 principum
701 4354 730 4402 in
741 4354 919 4418 municipium
939 4352 1170 4403 transferendisa
1255 4352 1288 4401 28
1307 4349 1395 4414 quod-

203 4435 254 4484 que
273 4418 320 4468 ille
339 4421 447 4484 equod
466 4436 526 4471 eum
544 4421 592 4472 ille
613 4423 737 4471 onerer-os
805 4423 838 4473 30
857 4422 1033 4472 inhonorem
1052 4422 1154 4477 (lortius
1171 4422 1201 4470 in
1218 4419 1320 4470 honore
1338 4433 1356 4466 a

202 4486 386 4604 athletalendis
404 4488 612 4555 Septembribus
631 4490 661 4541 G.
680 4491 716 4545 H.
737 4490 892 4555 Sotaeferus
909 4489 972 4540 Kal.
992 4489 1163 4556 Septembris
1182 4503 1199 4537 a
1301 4489 1335 4538 36
1353 4487 1395 4537 in·

203 4571 235 4610 eo
255 4570 272 4604 s
285 4570 349 4605 urus
367 4570 384 4606 a
