3024 5062
160 257 164 263 ’
222 253 292 323 ’142
752 273 782 323 c.
806 275 904 323 rann

228 451 290 513 quo
318 428 527 493 festinantius
554 429 668 492 nuntio
694 428 756 492 tibi
784 428 884 493 fuisse
911 450 963 492 me
990 428 1084 492 hodie
1106 428 1142 492 in
1170 428 1329 494 auditorio
1352 427 1423 494 Oai·

198 531 324 614 2purni
353 530 490 594 Pisonis.
535 530 693 594 recitabat
720 536 970 611 καταετεριεμῶν
999 530 1157 595 eruditam
1179 551 1257 595 sane
1279 529 1423 595 luculen-

229 636 358 716 tamque
386 632 565 696 materiam.
610 633 732 716 scripta
760 632 859 717 elegis
888 635 958 697 erat
986 632 1159 696 fluentibus
1188 636 1221 697 et
1247 629 1368 696 teneris
1391 635 1424 697 et

229 733 400 817 enodibus,
429 733 617 798 sublimibus
646 734 757 818 etiam,
786 738 823 799 ut
853 734 1000 818 poposcit
1026 733 1124 799 locus
1168 736 1244 817 apte
1276 733 1363 798 enim
1391 736 1424 798 et

229 836 316 900 varie
338 858 425 900 nunc
441 833 656 933 attollebatur,
678 857 766 900 nunc
786 836 962 931 residebat.
985 836 1110 901 excelsa
1132 835 1301 920 depressis,
1326 834 1451 900 exilias

198 937 341 1021 3plenis,
364 940 482 1004 severis
504 918 644 1004 iucunda
664 939 828 1022 mutabat,
852 940 960 1002 omnia
982 939 1115 1023 ingenio
1143 938 1224 1022 pari.
1263 958 1422 1002 commen·

228 1041 327 1104 dabat
348 1040 429 1106 haec
450 1063 527 1106 voce
550 1039 748 1123 suavissima,
771 1060 881 1104 rocem
904 1040 1110 1105 verecundia:
1132 1039 1269 1104 multum
1214 1039 1422 1124 amsangui-

228 1143 290 1226 nis,
314 1143 450 1208 multum
474 1141 698 1233 sollicitudinis
720 1141 756 1206 in
778 1163 848 1226 ore,
877 1163 996 1227 magna
1023 1145 1214 1206 ornamenta
1240 1142 1421 1206 recitantis.

228 1245 347 1308 etenim
368 1246 476 1310 nescio
504 1266 566 1329 quo
593 1247 689 1328 pacto
711 1243 815 1328 magis
836 1244 872 1308 in
894 1243 1007 1308 studiis
1035 1244 1180 1307 homines
1206 1243 1303 1308 timor
1325 1264 1423 1328 quam

197 1346 344 1411 4fiducia
372 1349 473 1412 decet.
518 1368 560 1410 ne
587 1346 696 1431 plura,
724 1366 917 1429 quamquam
938 1345 1019 1409 libet
1040 1345 1147 1429 plura,
1171 1367 1232 1429 quo
1254 1347 1331 1409 sunt
1352 1344 1421 1429 pul·
1436 1364 1463 1406 ιο

230 1447 355 1512 chriora
376 1449 415 1512 de
437 1450 561 1532 iuvene,
591 1447 714 1511 rariora
737 1447 775 1511 de
802 1446 919 1511 nobili:
948 1447 1136 1512 recitatione
1163 1447 1257 1512 finita
1283 1446 1423 1511 multum

228 1572 267 1614 ac
288 1550 342 1615 diu
365 1551 564 1615 exosculatus
580 1549 828 1632 adulescentem,
851 1549 905 1633 qui
928 1553 977 1614 est
997 1548 1170 1614 acerrimus
1186 1541 1334 1613 stimulus
1356 1570 1422 1613 mo·

226 1652 335 1735 nendi,
357 1652 504 1716 laudibus
526 1651 669 1736 incitavi,
691 1653 840 1735 pergeret
861 1673 924 1735 qua
947 1649 1103 1735 coepisset
1124 1651 1312 1735 lumenque,
1336 1651 1422 1735 quod

196 1753 288 1822 csibi
310 1753 447 1818 maiores
469 1754 517 1818 sui
546 1751 792 1838 praetulissent,
821 1753 955 1836 posteris
982 1753 1051 1836 ipse
1078 1753 1265 1837 praeferret.
1311 1755 1422 1837 gratu-

228 1856 312 1920 latus
335 1878 405 1920 sum
427 1856 567 1939 optimae
588 1855 702 1939 matri,
725 1855 907 1940 gratulatus
930 1857 963 1919 et
982 1853 1093 1938 fratri,
1122 1855 1177 1938 qui
1200 1853 1238 1918 e‘x
1260 1852 1420 1918 auditorio
1434 1874 1462 1916 rs

228 1956 282 2020 illo
304 1979 370 2022 non
398 1959 554 2022 minorem
581 1957 712 2042 pietatis
740 1957 876 2042 gloriam
903 1978 998 2041 quam
1024 1950 1079 2021 ille
1109 1957 1190 2021 alter
1218 1956 1421 2041 eloquentiae

226 2059 315 2123 tulit:
328 2061 331 2066 ’
344 2062 411 2122 tam
438 2059 624 2124 notabiliter
650 2079 709 2142 pro
730 2058 832 2123 fratre
858 2059 1017 2123 recitante
1046 2051 1188 2142 primum
1211 2061 1316 2122 metus
1339 2058 1419 2142 eius,

197 2164 299 2228 dmox
322 2161 473 2246 gaudium
496 2160 640 2225 eminuit.
671 2161 703 2225 di
724 2161 850 2225 faciant
871 2163 907 2226 ut
929 2160 1006 2224 talia
1028 2160 1089 2224 tibi
1110 2160 1238 2244 saepius
1252 2159 1420 2225 nuntiem!

225 2262 318 2327 faveo
341 2262 426 2327 enim
449 2264 586 2346 saeculo,
609 2284 651 2326 ne
674 2262 716 2326 sit
738 2262 846 2327 sterile
869 2267 901 2353 et
923 2263 1067 2345 effetum,
1097 2263 1238 2346 mireque
1261 2262 1421 2346 capione

225 2365 349 2429 nobiles
377 2366 481 2431 nostri
508 2365 591 2429 nibil
622 2364 656 2428 in
691 2365 836 2429 domibus
865 2365 929 2429 suis
962 2364 1131 2449 pulchrum
1163 2363 1227 2428 nisi
1259 2364 1421 2449 imagines
1434 2383 1461 2424 ao

224 2466 383 2551 habeant,
412 2489 494 2551 quae
523 2489 611 2532 nunc
638 2466 718 2530 mihi
745 2467 803 2531 hos
832 2467 1052 2531 adulescentes
1080 2466 1180 2530 tacite
1206 2466 1338 2531 laudare
1366 2465 1422 2530 ad-

224 2567 358 2653 hortari,
382 2571 416 2632 et
437 2569 520 2653 quod
543 2569 709 2632 amborum
731 2568 851 2654 gloriae
874 2568 951 2632 satis
973 2590 1129 2653 magnum
1152 2571 1217 2652 est,
1241 2589 1421 2654 agnoscere

223 2671 383 2735 videntur.
428 2670 507 2735 vale.

223 2863 425 2871 —.-—-—-——-

212 2991 215 2996 ’
292 2999 437 3048 inuntios
455 2999 483 3045 Η
579 2997 695 3048 aditorio
712 3013 727 3047 r
745 2999 921 3049 adiutorioD
1018 2993 1349 3049 ΒΚΛΤΛΕΤΕΡΙΕΜΘΝ
1367 2999 1421 3048 la

223 3069 318 3115 tactae
341 3067 493 3130 pigmonD
518 3070 592 3115 tacte
610 3066 772 3132 pingmonp
795 3072 860 3148 apte
886 3062 995 3118 πεινίον
1012 3066 1167 3132 Pomponius
1188 3067 1286 3116 Lucius
1309 3079 1420 3130 ερωτο·

223 3146 353 3196 παιγνιον
371 3133 527 3195 Cutanuecs,
545 3149 591 3185 om.
610 3149 624 3182 r
725 3137 741 3184 3
763 3136 869 3201 scripta
893 3134 981 3200 elegis
1004 3138 1066 3185 erat
1086 3136 1108 3182 Β
1132 3134 1277 3184 Ostendens
1294 3135 1420 3199 scriptae

224 3200 338 3266 (scripte
355 3200 380 3265 r)
399 3202 469 3267 legis
488 3205 549 3251 erat
565 3215 623 3264 pra
645 3201 750 3266 scripta
771 3202 849 3270 leges
873 3207 952 3254 erant
969 3204 997 3250 Η
1097 3200 1247 3253 fluentibus
1266 3207 1295 3253 et
1312 3202 1420 3253 teneris

222 3271 271 3318 lia
288 3271 437 3335 fluentibus
455 3270 479 3319 it
496 3270 638 3324 tinerisD
645 3270 795 3321 fluentibus
812 3271 917 3321 teneris
933 3283 969 3333 pr
1036 3271 1054 3320 4
1072 3270 1235 3321 sublimibus
1253 3271 1337 3321 etiam
1355 3285 1420 3320 uer·

221 3337 314 3388 bist
283 3343 349 3393 ut5
417 3339 542 3404 poposcit
559 3337 637 3388 iocus
654 3338 704 3386 lis
720 3340 811 3403 poscit
829 3339 906 3390 loeus
924 3350 960 3393 ις
977 3338 1067 3402 poscit
1084 3337 1144 3389 loeo
1162 3339 1204 3400 Dp
1283 3343 1349 3404 apte
1367 3339 1420 3388 la

223 3405 280 3456 alte
298 3408 341 3469 Dp
360 3405 399 3456 alt
389 3412 416 3456 o
434 3420 448 3453 r
471 3405 545 3456 altae
565 3418 582 3461 ς
683 3407 699 3456 5
721 3408 799 3474 uarie
822 3407 960 3458 sententie
984 3405 1095 3470 (uanae
1118 3407 1276 3457 sententiae
1295 3404 1322 3472 ς)
1342 3421 1419 3457 nunc

223 3474 391 3524 attollebant
381 3479 425 3524 tur
442 3489 513 3523 nune
532 3472 692 3525 residebant
709 3486 744 3529 ις
848 3478 863 3526 i
881 3489 977 3525 uocem
997 3473 1172 3525 uerecundia
1181 3473 1232 3522 lia
1248 3489 1318 3525 uoce
1337 3488 1418 3526 uere-

222 3541 321 3592 cundia
338 3545 360 3591 Β
378 3557 447 3592 uoce
465 3542 622 3592 uerecunda
640 3556 675 3604 pr
742 3546 758 3594 8
775 3558 877 3608 magna
895 3547 982 3593 ortam
1001 3549 1163 3593 ornamenta
1181 3543 1305 3594 deletos.
1326 3547 1417 3593 ortam

221 3610 248 3656 ir
317 3610 475 3661 recitatisn
495 3611 695 3673 recitantitisp
782 3612 948 3663 9timoreli
1019 3613 1051 3661 10
1068 3611 1187 3661 docetD
1253 3605 1356 3691 suut]
1354 3625 1416 3660 sum

220 3679 242 3725 Β
322 3677 479 3744 pulchriora
497 3678 557 3727 de
549 3693 649 3728 iuuene
667 3679 774 3730 rariora
792 3679 825 3729 de
845 3679 930 3730 nobili
948 3677 993 3741 (de
1011 3676 1075 3729 nob’
1094 3679 1131 3743 ir)
1150 3678 1325 3740 recitatione
1334 3672 1417 3730 finita

221 3746 271 3794 iia
288 3745 446 3810 pulchriora
465 3747 498 3796 de
518 3748 726 3797 inueneratioae
754 3748 786 3798 de
813 3748 902 3798 nobili
927 3746 1093 3798 recitatione
1119 3745 1172 3796 fine
1193 3746 1241 3796 fini
1260 3736 1321 3797 de
1312 3761 1416 3798 iuuene

221 3815 326 3864 ratiora
345 3814 378 3865 de
396 3813 488 3864 nobile
507 3815 671 3865 recitatione
690 3815 770 3866 finita
786 3818 808 3864 Β
830 3816 990 3880 pulchriora
1014 3815 1046 3865 de
1068 3815 1097 3864 ui
1118 3815 1294 3865 ueneratiore
1313 3814 1347 3865 de
1366 3829 1414 3865 no·

221 3881 271 3931 bili
289 3882 452 3933 recitatione
470 3881 524 3932 fine
542 3882 591 3932 fini
608 3882 685 3933 finita
697 3899 713 3946 p
725 3884 882 3950 pulchriora
901 3884 935 3933 de
953 3885 1133 3940 ueneratione
1145 3883 1252 3933 rariora
1264 3882 1318 3932 de
1311 3897 1413 3935 ruuene

116 3946 125 3952 ’
221 3950 314 4000 nobile
333 3951 498 4000 recitatione
516 3950 577 4001 finit
566 3955 596 4000 ta
613 3964 627 3999 r
644 3952 801 4017 pulchriora
821 3953 880 4002 de
873 3968 972 4003 iuuene
996 3951 1081 4002 nobili
1098 3951 1206 4001 rariora
1222 3949 1255 4001 de
1273 3952 1352 4002 nobis
1371 3967 1413 4002 re-

221 4019 354 4068 citatione
372 4017 486 4073 finitas
573 4021 604 4069 12
622 4020 762 4070 monendis
780 4022 807 4068 ir
875 4023 907 4071 13
925 4021 996 4084 quod
1014 4020 1058 4071 sui
1075 4019 1193 4069 maiores
1211 4019 1412 4084 praetulissent

221 4098 257 4140 ις
327 4087 383 4136 14
376 4103 436 4152 ipse
454 4087 508 4136 Μ
500 4089 569 4152 rpsis
587 4090 669 4152 culpo,
687 4105 733 4141 om.
751 4090 835 4150 Bpra
904 4091 936 4140 lt
954 4088 1089 4139 iratrisli
1143 4103 1176 4137 ex
1194 4087 1411 4138 auditorioilra

220 4153 248 4203 in
269 4154 403 4206 auditorio
421 4166 459 4216 125
477 4154 612 4205 auditorio
630 4158 652 4204 Β
756 4158 786 4207 17
796 4156 871 4225 ὅιιῐὶι
887 4158 936 4206 lia
957 4157 1067 4207 rettulit
1083 4158 1105 4206 Β
1123 4153 1218 4206 retulit
1234 4167 1269 4217 pr
1354 4157 1412 4206 iani

220 4273 351 4323 nobiliter
368 4289 385 4322 a
454 4276 485 4325 18
504 4274 531 4323 di
548 4277 570 4323 Β
588 4274 626 4324 dii
644 4276 732 4336 lipra
817 4228 922 4327 attalia
940 4278 967 4324 ir
1045 4279 1076 4328 19
1094 4274 1188 4330 sterile
1208 4278 1236 4325 et
1254 4273 1366 4326 effetum
1383 4276 1411 4322 li

219 4342 312 4391 sterile
332 4347 360 4391 et
379 4341 507 4392 effoetum
526 4358 542 4390 a
560 4343 655 4393 sterile
673 4348 701 4393 et
719 4343 847 4394 effectum
864 4347 886 4395 Β
909 4344 1004 4395 sterile
1024 4342 1134 4394 effetum
1152 4354 1169 4398 ς
1271 4345 1303 4394 21
1322 4343 1410 4394 tacite

218 4423 274 4471 pra
291 4411 395 4460 tacitae
412 4412 434 4458 Β
453 4412 553 4460 tacitos
571 4410 598 4456 ii
694 4414 727 4461 22
746 4428 895 4476 agnoscere
912 4416 977 4463 lira
995 4413 1203 4478 adcognoscere
1220 4413 1242 4460 Β
1260 4412 1289 4462 id
1307 4425 1408 4477 eogno-

218 4493 296 4528 scere
313 4492 330 4540 p
349 4493 515 4544 cognoscere
533 4491 549 4533 ς
