3024 5062
599 285 807 337 PRAEFATIO.
1229 281 1301 333 XXV

106 441 235 527 scriptis
269 441 386 506 collata
417 432 451 507 se
484 440 634 505 habuisse
661 440 717 505 ait.
755 463 832 504 nam
864 462 930 506 non
957 440 1060 504 solum
1093 438 1202 504 multis
1224 440 1302 506 loeis

106 545 250 630 priorum
279 543 455 609 editionum
483 542 654 608 lectionem
685 542 852 626 repetivit,
887 542 942 606 sed
970 541 1068 607 etiam
1095 541 1131 606 in
1158 541 1198 607 iis
1220 564 1301 627 quae

106 645 246 710 mutavit
266 645 360 710 modo
383 644 517 709 aliorum
539 643 684 709 codicum
698 645 873 728 scripturas
888 645 1016 709 secutus
1032 647 1096 729 est,
1119 643 1212 709 modo
1228 666 1301 709 con-

106 748 247 813 iecturas
278 747 330 812 vel
363 769 436 811 suas
470 747 521 812 vel
542 745 679 812 Iucundi
711 746 925 830 Veronensis,
959 745 1099 813 hominis
1130 745 1301 831 ingeniosi,

108 850 198 916 cuius
220 871 318 934 opera
346 849 474 933 saepius
501 848 537 913 in
566 851 708 914 veterum
730 848 922 932 scriptorum
950 848 1184 933 exemplaribus
1206 848 1301 913 corri-

107 951 223 1039 gendis
245 972 321 1016 usus
344 954 408 1034 est,
432 950 549 1035 posuit.

192 1053 307 1138 ltaque
329 1057 365 1118 ut
387 1052 426 1117 de
449 1053 571 1117 duobus
588 1052 766 1138 codicibus,
789 1074 924 1138 quorum
947 1052 1082 1118 alterum
1104 1053 1139 1117 in
1154 1053 1302 1119 Romana

109 1155 303 1222 Sabureneri
337 1154 491 1238 editione,
527 1155 663 1220 alterum
694 1155 729 1219 in
758 1154 877 1220 Aldina
910 1155 1089 1220 adhibitum
1122 1177 1191 1221 esse
1224 1155 1300 1237 dixi,

107 1258 212 1342 quoad
234 1257 300 1321 eius
322 1256 392 1321 fieri
413 1259 537 1342 posset,
568 1258 744 1340 constaret,
774 1256 938 1340 utriusque
961 1256 1110 1321 editionis
1131 1257 1302 1323 lectionem

107 1360 271 1444 integram
304 1358 444 1423 exhibui.
487 1361 520 1423 et
546 1359 698 1443 quoniam
731 1357 771 1422 ad
806 1357 882 1423 Aldi
915 1357 1011 1423 fidem
1044 1359 1301 1444 perspiciendam

107 1460 240 1527 omnino
267 1481 397 1526 necesse
420 1463 490 1524 erat
517 1464 553 1525 ut
585 1482 693 1525 eorum
716 1481 839 1545 quoque
869 1481 950 1549 quac
972 1463 1046 1544 post
1066 1460 1246 1545 prinoipem
1269 1464 1302 1525 et

107 1563 288 1629 Romanam
312 1563 482 1628 editionem
505 1570 629 1627 mutata
650 1565 725 1628 sunt
745 1562 828 1627 ratio
854 1561 1040 1647 haberetur,
1064 1562 1177 1627 horum
1199 1565 1299 1630 testes

107 1665 204 1731 habui
227 1665 397 1750 Pomponii
420 1663 528 1748 Laeti,
557 1664 720 1748 Beroaldi,
745 1664 900 1730 (letanaei
930 1664 1101 1749 editiones,
1130 1667 1301 1750 propterea

108 1767 195 1852 quod
216 1766 280 1831 illis
296 1767 499 1851 potissimum
522 1766 641 1831 Aldum
663 1788 755 1830 usum
778 1788 847 1831 esse
869 1766 945 1831 vidi.

192 1868 242 1933 De
265 1867 455 1933 auctoritate
471 1890 552 1953 quae
573 1868 630 1932 uni
645 1868 757 1952 cuique
777 1867 859 1932 libro
874 1868 908 1933 in
925 1870 1151 1936 constituenda
1164 1872 1301 1937 lectione

107 1970 280 2035 tribuenda
312 1973 361 2034 est
392 1970 427 2034 in
458 1970 580 2034 duabus
610 1963 933 2035 commentationibus
961 1971 999 2036 de
1026 1971 1125 2037 Plinii
1157 1974 1302 2058 epistulis
1433 2049 1438 2056 ¹

108 2071 317 2138 emendandis
344 2070 507 2156 llrlangae
536 2094 564 2139 a.
596 2072 678 2137 1865
705 2075 738 2136 et
768 2072 849 2136 1866
883 2072 976 2137 editis
1006 2074 1174 2158 disputavi.
1213 2076 1301 2142 euius

107 2174 336 2258 disputationis
359 2196 515 2238 summam
537 2173 598 2237 boo
620 2174 690 2238 loco
714 2174 909 2257 complectar
929 2175 1041 2258 paucis
1057 2178 1221 2261 exemplis,
1246 2178 1301 2242 ubi

107 2297 187 2360 opus
208 2274 369 2339 videbitur
391 2276 431 2339 ad
453 2297 520 2340 rem
543 2275 840 2358 demonstrandam,
865 2276 1044 2362 adscriptis.
1081 2302 1180 2345 unum
1202 2279 1302 2365 igitur

108 2378 250 2444 codicem
257 2427 266 2461 ,
301 2378 355 2461 qui
389 2398 499 2442 omnes
527 2376 625 2441 Plinii
653 2378 807 2462 epistulas
836 2378 1040 2463 continebat,
1074 2381 1186 2464 primis
1208 2383 1301 2446 annis

107 2478 226 2544 saeculi
249 2479 332 2545 sexti
354 2479 468 2545 decimi
489 2479 525 2544 in
548 2479 654 2544 Gallia
675 2483 836 2564 repertum
859 2502 927 2545 esse
949 2483 1041 2546 testis
1064 2482 1237 2548 estAldus.
1261 2484 1302 2549 ad

107 2581 201 2646 buius
223 2581 447 2666 integritatem
468 2582 611 2666 proxime
635 2582 807 2647 accedebat
829 2582 856 2646 is
879 2605 917 2648 ex
945 2604 1007 2668 quo
1030 2584 1152 2649 decimo
1174 2585 1301 2650 saeculo

108 2683 322 2768 antiquissimi
345 2683 468 2749 codices
491 2685 545 2768 qui
568 2706 654 2749 nunc
669 2687 850 2769 supersunt,
874 2684 1035 2772 Mediceus
1058 2688 1091 2749 et
1112 2684 1300 2772 Vaticanus,

107 2785 260 2870 descripti
293 2788 380 2851 sunt.
428 2785 569 2850 ciusdem
603 2786 721 2850 codicis
758 2786 979 2871 apographum
1006 2787 1040 2851 in
1073 2790 1186 2852 octavo
1219 2789 1301 2855 libro

107 2888 291 2952 mutilatum
312 2886 462 2951 babuisse
485 2876 608 2953 videtur
636 2889 663 2983 is
690 2887 745 2973 qni
766 2887 947 2953 Romanam
970 2889 1143 2955 editionem
1165 2914 1194 2955 a.
1207 2893 1302 2958 ,1474

109 2990 241 3056 curavit.
285 2990 340 3054 sed
372 2973 578 3055 illustrium
611 2991 763 3055 librorum
796 2990 1006 3075 archetypum
1034 3013 1073 3056 ex
1101 2993 1208 3061 codice
1235 3016 1302 3059 non

107 3092 186 3157 satis
209 3093 336 3176 integro
359 3092 488 3156 ductum
512 3096 594 3162 erat:
622 3115 698 3158 nam
726 3095 758 3156 et
780 3092 815 3156 in
842 3093 946 3176 primo
968 3097 1002 3158 et
1023 3095 1119 3160 tertio
1140 3095 1222 3160 libro
1244 3095 1301 3160 ali-

107 3196 184 3278 quot
206 3194 412 3258 membranac
445 3194 608 3278 perierant
642 3194 786 3278 (ultimas
815 3195 899 3266 enim
927 3196 1005 3260 noni
1035 3196 1108 3260 libri
1136 3198 1300 3283 epistulas,

107 3317 189 3381 quae
204 3295 239 3359 in
254 3295 398 3361 Medioeo
414 3296 520 3360 codiee
543 3297 669 3380 desunt,
691 3319 756 3361 non
771 3300 903 3381 propter
917 3297 1078 3363 defectum
1094 3299 1301 3364 vetustissimi

108 3395 298 3481 exemplaris
321 3397 470 3482 omissas,
495 3399 550 3462 sed
572 3399 780 3483 neglegentia
800 3398 923 3464 librarii
950 3421 1016 3465 non
1039 3399 1175 3483 scriptas
1197 3405 1301 3486 puto),

107 3502 141 3564 et
163 3499 322 3583 scriptura
345 3521 410 3563 non
437 3500 535 3565 nullis
556 3499 635 3564 loeis
657 3499 774 3564 detrita
797 3503 875 3565 erat.
912 3504 1078 3585 praeterea
1106 3502 1156 3567 vel
1179 3524 1218 3566 ex
1239 3503 1315 3570 hoc'

107 3601 177 3686 ipso
200 3601 307 3666 codice
330 3601 380 3665 vel
404 3622 443 3665 ex
465 3601 526 3666 alio
554 3601 630 3685 buic
652 3593 749 3667 simili
770 3603 894 3667 factum
923 3606 972 3668 est
1000 3603 1237 3688 apographum,
1265 3605 1300 3671 in

107 3725 169 3789 quo
191 3706 322 3768 octavus
345 3703 426 3768 liber
447 3703 598 3787 omissus,
623 3703 658 3767 in
680 3703 792 3788 quinto
815 3707 848 3768 et
870 3705 904 3769 in
925 3726 1011 3770 nono
1024 3705 1107 3770 libro
1122 3709 1213 3772 vetus
1236 3708 1300 3792 epi-

107 3805 262 3870 stularum
284 3804 359 3869 ordo
382 3805 602 3888 perturbatus,
632 3805 668 3869 in
689 3805 750 3869 hoc
772 3805 870 3870 etiam
892 3807 1030 3891 epistula
1051 3811 1142 3872 sexta
1165 3808 1299 3893 decima,

106 3907 140 3972 in
162 3906 283 3991 primo,
313 3909 349 3971 ut
371 3907 506 3991 videtur,
530 3909 681 3990 quattuor
703 3907 859 3992 epistulae
881 3908 911 3993 8,
938 3910 987 3993 12,
1012 3909 1065 3993 23,
1089 3910 1131 3974 24
1153 3910 1298 3995 omissae,

106 4009 243 4093 denique
265 4009 366 4073 multa
389 4031 408 4072 a
435 4008 623 4095 neglegenti
649 4008 780 4073 librario
806 4010 898 4074 valde
925 4011 1099 4094 depravata
1126 4015 1229 4077 erant.
1267 4012 1300 4077 id

106 4114 217 4195 postea
238 4111 274 4174 in
291 4106 423 4175 'Italiam
445 4112 623 4175 travectum
645 4109 718 4176 fons
740 4111 819 4196 fuit,
844 4135 882 4177 ex
902 4134 964 4197 quo
980 4134 1089 4178 omnes
1112 4116 1184 4178 octo
1205 4113 1299 4178 libro-

105 4233 175 4276 rum
209 4213 332 4277 codices
365 4234 497 4296 quorum
537 4212 653 4296 ingens
685 4235 835 4278 numerus
872 4215 983 4298 quinto
1017 4214 1139 4279 decimo
1173 4217 1299 4282 saeculo

106 4313 243 4399 scriptus
266 4317 330 4399 est,
353 4313 488 4379 derivati
510 4317 595 4379 sunt.
633 4314 757 4380 diversa
772 4315 896 4401 origine
918 4316 982 4381 fuit
1004 4315 1085 4381 alius
1101 4316 1199 4387 codex
1222 4321 1299 4384 ante

106 4415 263 4481 decimum
285 4416 449 4481 saeculum
471 4416 634 4481 constanti
656 4418 858 4501 grammatici
888 4418 1052 4483 cuiusdam
1074 4419 1179 4485 studio
1201 4419 1299 4486 inter·

105 4517 247 4604 polatus,
270 4518 325 4602 qui
347 4521 416 4587 tum
437 4521 587 4603 quattuor
608 4521 736 4586 tantum
762 4519 860 4586 libros
884 4542 954 4590 eum
983 4543 1038 4591 sex
1059 4521 1204 4608 epistulis
1224 4522 1299 4594 libri
