3024 5062
197 238 238 304 tt
719 251 749 303 c.
773 249 869 302 rann

197 414 343 495 superest
365 410 519 475 alterutra
547 433 585 474 ex
613 413 705 495 parte
727 410 879 474 iudicium
905 412 1011 493 tuum,
1040 408 1075 472 in
1098 430 1159 492 quo
1186 404 1265 473 mihi
1292 428 1391 494 aeque

196 514 335 578 iucunda
363 514 424 578 erit
452 513 641 597 simplicitas
665 511 883 577 dissentientis
910 534 1006 596 quam
1034 512 1262 595 conprobantis
1284 515 1391 576 aucto-

196 617 286 680 ritas.
331 615 413 679 vale.

772 784 812 850 V.
885 804 889 813 .

474 907 506 960 O.
526 908 675 959 PLINIUS
694 906 830 960 BAEBIO
848 907 974 958 MACRO
994 906 1063 957 SUO
1083 907 1111 957 S.
1404 921 1416 961 5

168 1028 184 1090 1
280 1023 470 1108 Pergratum
493 1027 542 1089 est
564 1024 642 1088 mihi
666 1024 750 1109 quod
770 1026 838 1088 tam
853 1023 1025 1108 diligenter
1045 1023 1143 1087 libros
1166 1023 1314 1086 avrmculi
1328 1023 1391 1086 mei

165 1126 341 1209 2lectitas,
362 1129 399 1188 ut
420 1125 539 1190 habere
561 1147 671 1190 ornnes
693 1126 772 1190 velis
794 1146 990 1210 quaerasque
1012 1126 1066 1209 qui
1088 1125 1154 1190 sint
1176 1145 1295 1188 omnes.
1319 1124 1391 1188 fun-

196 1248 257 1312 gar
277 1226 392 1290 indicis
414 1229 560 1312 partibus
582 1231 676 1312 atque
700 1228 880 1312 etiamque
907 1228 974 1291 sint
1001 1226 1112 1291 ordine
1140 1226 1252 1309 scripti
1279 1228 1391 1290 notum

196 1328 257 1392 tibi
278 1328 412 1393 faciam:
443 1333 491 1394 est
513 1331 599 1394 euim
620 1329 700 1393 haec
722 1350 846 1413 quoque
874 1329 1022 1393 studiosis
1050 1350 1117 1393 non
1144 1327 1319 1392 iniucunda
1342 1348 1391 1391 co-

168 1432 311 1515 agnitio.
357 1432 413 1494 ‘de
440 1431 633 1496 iaculatione
662 1431 801 1515 equestri
828 1440 945 1495 unus’:
974 1429 1078 1512 hunc,
1108 1452 1178 1494 cum
1207 1429 1390 1513 praefectus
1405 1448 1428 1485 10

199 1532 269 1596 alae
290 1533 461 1616 militaret,
491 1535 562 1617 pari
590 1533 722 1618 ingenio
746 1554 883 1618 curaque
906 1532 1084 1617 conposuit.
1129 1532 1273 1596 ‘devita
1300 1531 1391 1596 Pom-

197 1635 275 1718 poni
303 1633 442 1699 Secundi
469 1635 566 1719 duo’,
600 1656 619 1698 a
654 1657 715 1719 quo
743 1635 952 1721 singulariter
980 1637 1104 1698 amatus
1132 1633 1193 1698 hoc
1220 1635 1392 1698 memoriae

169 1736 294 1803 lamici
326 1737 417 1820 quasi
456 1736 599 1800 debitum
637 1759 753 1801 munus
792 1736 937 1801 exsolvit.
992 1735 1168 1800 ‘bellorum
1201 1735 1393 1800 Germaniae

198 1838 349 1922 viginti',
380 1837 494 1922 quibus
516 1839 624 1902 omnia
645 1861 727 1923 quae
756 1860 827 1903 cum
850 1837 1019 1903 Germanis
1046 1838 1203 1923 gessimus
1224 1837 1310 1902 bella
1332 1838 1394 1901 col·
1472 1866 1475 1870 ⁴

199 1939 289 2024 legit.
328 1938 508 2024 inchoavit,
540 1962 612 2004 cum
632 1941 668 2004 in
691 1939 864 2005 Germania
885 1940 1054 2023 militaret,
1083 1941 1206 2004 somnio
1234 1939 1392 2003 monitus:
1407 1955 1430 1996 1⁵

200 2041 325 2105 adstitit
347 2041 376 2106 ci
404 2042 581 2125 quiescenti
603 2042 700 2106 Drusi
722 2042 860 2108 Neronis
888 2041 1029 2126 effigieS,
1058 2042 1113 2126 qui
1136 2040 1328 2106 Germaniae
1348 2042 1394 2106 la·
1490 2125 1493 2130 .

199 2143 322 2206 tissime
344 2143 446 2207 victor
466 2144 512 2207 ibi
534 2144 646 2227 periit,
677 2144 921 2209 commendabat
947 2145 1133 2207 memoriam
1155 2165 1245 2207 suam
1267 2144 1394 2208 orabat·

169 2248 262 2329 bque
283 2249 320 2308 ut
342 2266 375 2308 se
398 2246 439 2308 ab
460 2245 579 2309 iniuria
600 2234 769 2311 oblivionis
792 2246 961 2310 adsereret.
1000 2245 1146 2309 ‘studiosi
1168 2249 1257 2330 tres',
1280 2246 1316 2310 in
1338 2267 1394 2310 sex

199 2345 362 2411 volumina
384 2351 516 2431 propter
544 2347 787 2431 amplitudinem
815 2348 923 2431 divisi,
952 2346 1067 2431 quibus
1096 2350 1254 2411 oratorem
1281 2348 1322 2412 ab
1344 2349 1393 2412 in-

199 2448 366 2513 cunabulis
396 2449 538 2513 instituit
566 2452 599 2513 et
625 2450 761 2533 perficit.
806 2449 911 2512 ‘dubii
939 2449 1095 2513 sermonis
1124 2451 1229 2513 octo’:
1266 2449 1432 2535 scripsit30
1470 2507 1472 2512 .

200 2554 258 2616 sub
280 2551 410 2616 Nerone
431 2550 613 2614 novissimis
636 2551 749 2634 annis,
774 2572 844 2614 cum
866 2572 960 2614 omne
975 2551 1153 2614 studiorum
1175 2571 1277 2636 genus
1299 2550 1394 2636 paulo

173 2654 333 2718 filiberius
356 2655 388 2716 et
410 2653 544 2716 erectius
566 2652 778 2737 periculosum
806 2653 942 2717 servitus
964 2652 1103 2716 fecisset.
1142 2659 1177 2716 ‘a
1199 2653 1264 2717 fine
1286 2652 1395 2716 Aufidi

202 2755 295 2820 Bassi
326 2755 464 2838 triginta
495 2759 606 2818 unus'.
652 2756 803 2818 ‘naturae
835 2753 1040 2818 historiarum
1072 2754 1208 2838 triginta
1241 2757 1363 2839 septem
1371 2760 1393 2838 ’,

202 2879 281 2941 opus
302 2857 468 2939 diffusum,
492 2856 667 2939 eruditum,
691 2857 878 2927 necminus
900 2857 1024 2920 varium
1051 2879 1146 2940 quam
1174 2856 1245 2940 ipsa
1266 2859 1392 2921 natura.

78 2949 326 3059 ,psimiraris
349 2958 431 3042 quod
453 2960 502 3021 tot
523 2958 685 3022 volumina
707 2958 870 3042 multaque
892 2958 927 3023 in
947 2958 998 3023 his
1019 2961 1088 3023 tam
1102 2959 1286 3043 scrupulosa
1299 2959 1395 3022 homo
1407 2974 1432 3014 25

81 3052 93 3082 '³
201 3063 375 3143 occupatus
399 3059 585 3123 absolverit:
618 3060 723 3144 magis
745 3060 929 3145 miraberis,
959 3060 985 3124 si
1008 3060 1117 3125 scieris
1139 3060 1230 3124 illum
1251 3059 1395 3144 aliquan-

203 3162 259 3226 diu
282 3183 394 3226 causas
417 3162 583 3245 actitasse,
613 3162 786 3246 decessisse
808 3185 894 3226 anno
922 3166 1011 3227 sexto
1042 3167 1074 3227 et
1096 3163 1393 3247 quinquagensimO,

201 3264 343 3328 medium
369 3267 496 3347 tempus
529 3263 704 3328 distentum
734 3264 985 3349 impeditumque
1018 3288 1081 3349 qua
1107 3265 1221 3329 officiis
1247 3264 1395 3328 maximis

205 3447 408 3454 ————

271 3577 284 3622 1
304 3573 426 3624 iucunda
445 3589 534 3639 aeque
551 3586 566 3622 r
634 3576 649 3624 2
669 3580 729 3626 erat
746 3593 816 3627 corr.
835 3576 888 3626 erit
905 3575 928 3624 V

268 3642 293 3693 V
311 3644 327 3692 5
345 3640 481 3692 BAEBIO
500 3657 547 3691 om.
566 3642 753 3706 MVFDpra:
773 3645 1051 3695 εεοὶιιεΙίιόοιινάιίιηιιε
1068 3644 1095 3693 in
1107 3644 1190 3694 indice
1208 3645 1244 3694 ad
1260 3643 1394 3694 Baebium

199 3709 325 3759 Macrum
342 3711 441 3759 missum
458 3725 514 3760 esse
532 3712 610 3760 dicit’
698 3715 712 3762 7
732 3713 777 3776 qui
799 3717 862 3762 sunt
884 3727 979 3761 omnes
996 3712 1020 3759 V
1038 3711 1085 3776 qui
1103 3712 1159 3761 sint
1177 3708 1236 3776 (om.
1254 3711 1360 3778 omnes)
1379 3723 1395 3765 ς

286 3777 420 3827 cimicis
437 3780 492 3838 pr*
566 3781 582 3828 9
600 3778 671 3828 haec
690 3794 797 3845 quoque
816 3780 931 3828 VFDra
953 3779 1005 3829 hoc
1024 3794 1132 3844 quoque
1148 3781 1176 3826 Η
1192 3779 1239 3829 hic
1253 3792 1394 3843 quoquep

199 3845 307 3898 haece
376 3847 546 3894 10uniusD
617 3849 647 3896 11
668 3849 809 3912 pomponii
825 3849 934 3910 FDpra
952 3849 985 3910 Q.
1004 3847 1182 3911 Pomponiis
1252 3850 1283 3896 12
1301 3849 1395 3911 singu·

200 3913 299 3962 lariter
317 3917 360 3962 est
377 3917 486 3963 amatus
503 3914 582 3967 MV&
696 3918 727 3966 13
746 3916 926 3966 amicietur
1038 3917 1069 3964 16
1089 3914 1198 3964 adstitit
1217 3917 1290 3964 enim
1309 3917 1335 3965 ei
1353 3916 1395 3976 Ἑρ

200 3980 294 4030 astitit
311 3982 417 4035 enims
504 3983 535 4031 17
553 3983 670 4048 uictoriq
689 3984 774 4032 ibilt
858 3984 931 4048 perit
949 3982 1161 4033 commendati)
1230 3983 1395 4034 ’188121-

198 4050 270 4114 iuria
288 4051 316 4096 Η
368 4051 399 4098 19
418 4050 571 4099 orationem
588 4050 643 4097 HV
696 4052 730 4101 ab
751 4051 934 4102 cunabulisF
984 4053 1017 4101 20
1034 4051 1155 4115 perfecit
1171 4051 1232 4101 Fre
1286 4051 1396 4101 scribsit

199 4117 227 4162 Μ
297 4119 329 4166 21
349 4132 435 4182 genus
454 4116 634 4167 studiorumr
730 4121 763 4169 22
783 4121 1004 4181 ετθοιὶιιεἙρη
1026 4118 1128 4168 rectius
1145 4120 1226 4168 HVD
1293 4118 1396 4170 Aufidii

200 4197 259 4239 rga
327 4186 360 4234 23
378 4190 496 4235 naturae
514 4185 659 4240 HVDrea
677 4193 778 4237 natura
795 4190 816 4236 F
834 4193 961 4238 naturam
978 4201 994 4249 p
1012 4187 1180 4238 naturalium
1197 4187 1338 4238 Siodardus

200 4254 233 4301 24
254 4251 382 4332 diffusum
402 4257 430 4303 et
448 4254 616 4304 eruditnmr
701 4257 734 4305 25
752 4255 781 4304 in
799 4256 834 4306 iis
852 4258 873 4304 F
891 4257 920 4305 in
937 4255 1000 4306 iel)
1086 4256 1120 4305 26
1137 4257 1258 4306 sciresr
1343 4253 1394 4304 ali·

201 4336 330 4432 quandiiu
347 4373 374 4421 Μ
392 4372 542 4440 aliquando
560 4387 574 4420 r
659 4374 692 4423 28
711 4374 860 4425 distentum
879 4377 1005 4429 Ursa
1029 4375 1184 4426 disteritum
1200 4377 1222 4422 D
1240 4374 1395 4425 districtum

199 4438 428 4556 pfg⁶.⁸.lrl⁰t¹¹mr
533 4455 587 4504 qua
605 4439 705 4492 officiis
723 4443 809 4504 upra
832 4459 886 4508 qua
909 4442 1000 4494 officis
1018 4443 1075 4490 MV
1098 4443 1128 4510 ‘li
1153 4442 1282 4495 officiciis
1300 4445 1322 4493 D
1339 4448 1395 4494 tam

201 4521 215 4556 o
249 4521 335 4556 cuer
