3024 5062
281 270 526 319 arrarunaaou
548 269 572 315 a.
597 253 649 341 [uo.
665 252 718 340 aa]
743 266 766 315 4.
785 255 832 347 [a]
849 268 874 317 a.
893 252 939 341 [4.]
964 269 988 316 e.
1006 253 1069 343 [aa]
1226 256 1286 320 271

97 425 208 488 vatum
236 425 301 507 est,
330 425 404 507 quia
430 425 534 487 mater
555 423 694 487 Romani
721 423 947 487 liberalitatem
975 424 1116 488 sestertii
1141 424 1288 508 quadrin-

97 524 240 610 genties,
264 524 348 608 quod
371 525 516 590 conferre
538 546 572 589 se
587 525 653 588 filio
676 524 830 589 codicillis
846 524 886 588 ad
908 527 1033 608 patrem
1054 528 1146 589 tuum
1161 526 1289 611 scriptis

96 627 242 711 professa
268 626 390 710 fuerat,
419 626 560 690 nondum
583 627 662 691 satis
690 626 833 710 legitime
854 630 1037 710 peregerat,
1067 626 1150 710 quod
1176 631 1288 711 postea

95 729 176 793 fecit
203 727 367 792 admonita
395 751 414 792 a
440 727 543 792 nobis.
577 750 654 792 nam
682 732 715 792 et
740 727 857 792 fundos
884 728 1099 811 emancipavit
1127 732 1160 792 et
1182 730 1318 794 cetera3

70 840 179 914 ⁵quae
201 830 235 894 in
258 828 515 913 emancipatione
537 828 699 913 implenda
721 828 825 892 solent
841 828 926 912 exigi
942 831 1184 895 consummavit.
1215 832 1317 894 cumi

97 933 139 994 sit
162 952 240 1016 ergo
261 930 388 994 finitum
409 930 493 1014 quod
521 952 593 1014 spes
615 934 742 993 nostras
763 930 964 1012 morabatur,
987 951 1054 993 non
1077 932 1147 995 sine
1168 954 1288 1016 magna

96 1032 213 1097 fiducia
242 1032 395 1116 subsigno
417 1031 502 1116 apud
522 1036 555 1095 te
577 1032 672 1095 fidem
693 1053 752 1116 pro
773 1032 915 1096 moribus
937 1030 1075 1096 Romani
1101 1033 1180 1116 mei,
1210 1054 1288 1117 quos

69 1136 129 1198 aa
151 1133 296 1198 liberalia
317 1134 424 1198 studia
439 1136 596 1197 exornant
618 1135 651 1197 et
667 1133 783 1196 eximia
802 1133 923 1216 pietas,
946 1154 1008 1216 qua
1031 1138 1063 1196 et
1076 1131 1161 1197 hanc
1183 1133 1287 1218 ipsam

95 1234 209 1299 matris
232 1235 458 1299 liberalitatem
481 1237 513 1298 et
536 1234 646 1297 statim
667 1236 769 1318 patris
791 1234 1001 1299 hereditatem
1024 1237 1057 1298 et
1084 1234 1288 1318 adoptionem

57 1350 83 1390 1⁰
96 1360 116 1401 a
137 1337 251 1401 vitrico
272 1336 401 1400 meruit.
438 1339 535 1420 auget
556 1334 637 1400 haec
665 1340 697 1400 et
718 1336 875 1400 natalium
898 1338 931 1399 et
954 1339 1160 1416 paternarum
1185 1337 1316 1402 facul-5

95 1441 201 1503 tatum
223 1438 382 1522 splendor.
416 1437 530 1520 quibus
552 1437 688 1521 singulis
709 1437 844 1501 multum
871 1436 1155 1501 commendationis
1183 1459 1285 1502 acces·

95 1562 206 1604 surum
220 1541 318 1603 etiam
334 1560 372 1602 ex
388 1539 465 1601 meis
480 1538 628 1621 precibus
643 1538 864 1623 indulgentiae
878 1544 953 1601 tuae
970 1538 1072 1601 credo.
1103 1560 1182 1623 rogo
1198 1540 1315 1623 erg0,6

94 1641 233 1723 domine,
257 1643 294 1703 ut
308 1661 359 1703 rne
375 1640 633 1723 exoptatissimae
649 1638 729 1703 mihi
749 1639 976 1724 gratulationis
992 1642 1171 1723 compotem
1184 1640 1287 1704 facias

95 1745 128 1806 et
153 1741 316 1824 honestis,
344 1744 382 1804 ut
409 1761 518 1825 spero,
548 1739 726 1804 adfectibus
753 1741 832 1806 meis
858 1743 1001 1825 praestes
1022 1744 1059 1804 ut
1085 1762 1151 1804 non
1178 1741 1212 1805 in
1236 1763 1286 1805 me

57 1845 224 1908 1⁵tantum
244 1863 356 1908 verum
378 1843 466 1933 etin
489 1842 591 1907 amico
613 1842 745 1927 gloriari
772 1842 897 1907 iudiciis
919 1842 983 1906 tuis
1005 1843 1134 1926 possim.

453 2033 460 2044 ·
547 2011 587 2078 V.
613 2009 715 2100 [IIIi]
740 2023 774 2090 (a.
789 2021 832 2090 es)

373 2134 403 2188 c.
421 2134 568 2186 numios
586 2133 746 2186 hammo
764 2134 994 2185 ruesairoar

178 2251 328 2316 Proximo
350 2272 436 2314 anno
442 2301 451 2333 ,
475 2250 618 2333 domine,
642 2248 831 2334 gravissima
845 2234 1026 2315 valetudine
1049 2272 1147 2335 usque
1170 2250 1210 2315 ad
1230 2256 1312 2336 pei

93 2353 230 2417 riculum
256 2352 342 2416 vitae
359 2354 504 2417 'rexatus
538 2351 726 2434 iatralipten
751 2351 930 2435 adsumpsi,
960 2352 1048 2416 cuius
1076 2352 1283 2417 sollicitudini

58 2466 83 2507 2⁰
94 2457 127 2518 et
141 2454 247 2519 studio
261 2456 336 2518 tuae
350 2455 478 2517 tantum
491 2452 713 2537 indulgentiae
724 2452 878 2516 beneficio
892 2452 1011 2517 referre
1023 2454 1163 2538 gratiam
1174 2475 1285 2537 parem

92 2577 233 2640 possum.
264 2575 361 2639 quare
383 2575 462 2639 rogo
485 2554 539 2618 des
562 2556 591 2618 ei
614 2554 777 2618 civitatem
798 2553 988 2618 Romanam.
1017 2559 1067 2618 est
1088 2555 1174 2638 enim
1195 2559 1313 2640 pere-2

93 2658 208 2742 grinae
230 2656 442 2739 condicionis,
471 2657 685 2720 manumissus
707 2657 726 2720 a
750 2656 930 2741 peregrina.
959 2660 1091 2720 vocatur
1111 2657 1180 2740 ipse
1201 2656 1284 2720 Har·

92 2779 223 2842 pocras,
246 2761 416 2842 patronam
437 2756 551 2821 habuit
564 2756 777 2821 Thermuthin
792 2757 932 2820 Theonis
938 2807 947 2840 ,
971 2779 1052 2841 quae
1073 2759 1139 2822 iam
1160 2759 1284 2842 pridem

93 2859 247 2925 defuncta
268 2862 327 2924 est.
357 2860 434 2924 item
456 2880 535 2944 rogo
557 2858 612 2922 des
633 2859 683 2922 ius
698 2857 869 2934 Quiritium
890 2858 1014 2922 libertis
1031 2859 1195 2924 Antoniae
1216 2859 1283 2924 Ma-

57 2973 81 3013 a
92 2961 250 3045 ximillae,
272 2961 494 3026 ornatissimae
513 2960 671 3044 feminae,
693 2960 816 3024 Hediae
832 2963 864 3024 et
880 2959 1069 3049 [Antoniae]
1085 2959 1282 3047 Harmeridi;

92 3063 176 3147 quod
198 3085 218 3127 a
238 3066 272 3128 te
286 3065 424 3147 'petente
446 3064 583 3147 patrona
604 3065 689 3146 peto.

519 3232 576 3299 VI.
602 3230 731 3321 [iiiiii]
756 3243 790 3310 (a
811 3243 855 3311 os)

373 3355 404 3410 c,
417 3355 566 3407 Parmos
585 3354 745 3406 natrano
763 3355 994 3408 Jueaaaroar

176 3473 251 3558 Ago
272 3471 410 3557 gratias,
435 3471 577 3554 domine,
606 3471 690 3555 quod
712 3474 745 3535 et
759 3471 814 3559 ius
836 3471 1008 3546 Quiritium
1030 3445 1154 3540 libertis
1175 3480 1309 3542 neces-l

54 3586 79 3628 ³⁰
91 3574 195 3638 suriae
209 3572 290 3638 mihi
304 3573 443 3638 feminae
458 3577 491 3637 et
505 3573 668 3637 civitatem
681 3572 860 3637 Romanam
874 3573 1082 3659 Harpocrati,
1099 3577 1283 3661 iatraliptae

90 3696 173 3760 meo,
197 3675 268 3740 sine
289 3696 378 3739 mora
399 3674 572 3739 indulsisti.
603 3673 659 3738 sed
681 3697 752 3739 cum
767 3696 870 3740 annos
892 3677 958 3740 eius
980 3679 1013 3740 et
1035 3699 1176 3763 censum,
1200 3679 1283 3743 sicut

161 3971 175 4018 1
199 3967 324 4019 sestertii
345 3973 446 4032 quater
468 3967 562 4018 decies
584 3966 610 4020 I.
632 3967 663 4020 F.
687 3968 827 4019 Gronovius
848 3970 880 4018 de
896 3986 954 4034 pec.
977 3978 1026 4024 uer.
1044 3969 1109 4020 113
1128 3968 1221 4021 0000
1234 3970 1280 4022 Hs

94 4036 222 4095 Geauerue
289 4037 400 4086 4‘idem
426 4039 462 4087 ud
481 4037 617 4086 Troianum
639 4039 749 4100 epistola
766 4036 835 4086 IIII
857 4053 922 4102 quoe
945 4043 1016 4104 uulgo
1039 4054 1088 4089 uon
1111 4046 1185 4089 catut
1210 4040 1281 4090 Nam

90 4104 191 4155 fundos
208 4106 291 4170 inquit
303 4105 501 4169 emancipauit:
524 4110 552 4154 et
565 4110 659 4155 cetera
672 4119 743 4169 quae
756 4105 785 4153 in
804 4107 1024 4170 emancipatione
1038 4105 1178 4171 implenda
1191 4106 1282 4156 solent

91 4173 167 4237 exigi
185 4172 367 4225 consumauit’
380 4171 502 4222 Budaeus
514 4179 599 4224 annot.
617 4175 644 4221 iu
660 4174 741 4236 pond.
757 4174 778 4234 f.
798 4174 830 4221 22
849 4175 1128 4226 ed.Aseeus.o.1516
1174 4176 1188 4224 ‘1
1208 4176 1281 4240 apud

54 4300 58 4309 ι
89 4244 118 4291 te
137 4237 233 4304 Alduu²
251 4240 311 4290 adit
329 4243 356 4289 te
374 4254 391 4288 a
452 4243 475 4292 '8
493 4256 563 4305 quae
581 4240 653 4289 hone
670 4255 687 4289 a
755 4241 919 4305 9patriisa
988 4244 1020 4292 1o
1038 4242 1212 4292 facultatium
1231 4257 1248 4291 a
1284 4237 1289 4245 '

158 4311 182 4358 V
211 4307 361 4358 ciuitatem
389 4309 540 4359 Romanam
557 4309 725 4373 Harpocrati
746 4307 911 4373 iatraliptae
935 4325 984 4359 auo
1007 4312 1077 4375 petit
1095 4324 1112 4358 a
1248 4315 1280 4363 23

89 4383 235 4442 patronam
253 4375 351 4426 habuit
371 4376 513 4427 Coronaeus
531 4383 685 4427 matronam
702 4377 788 4426 habet
806 4391 842 4439 a„
881 4379 913 4427 25
932 4377 1046 4428 Helliae
1065 4377 1209 4430 Coronaeus
1227 4381 1281 4432 He·

89 4445 144 4496 liae
163 4449 237 4507 culpo
306 4448 336 4494 et
352 4444 560 4509 Agathemeridi
577 4448 685 4496 coniecit
702 4445 871 4496 Mommaeuus
939 4449 972 4496 26
988 4453 1134 4512 patronam
1152 4461 1169 4497 a

157 4514 196 4567 VI
215 4512 281 4579 Agit
297 4512 404 4578 gratias
422 4528 438 4562 a
