3024 5062
177 241 239 306 296
580 256 611 304 c.
635 256 731 305 nunu
754 256 798 303 ar
821 255 967 305 11111111

177 410 318 475 faciendi
340 411 429 474 nulla
445 410 523 475 mihi
539 410 713 495 probabilis
736 432 772 473 ra
774 410 819 473 tio
834 410 986 493 occurrit,
1013 409 1203 494 praesertim
1219 431 1291 474 curn
1307 409 1372 493 epi-

178 512 280 577 stolae
296 513 486 596 Lycormae,
510 535 588 596 quas
611 512 768 595 detinere,
792 514 829 576 ut
851 515 927 576 ante
942 459 1102 595 praedixi,
1126 510 1225 594 nolui,
1251 509 1374 635 aliquot

179 615 289 679 diebus
311 616 397 678 hune
419 614 562 699 legatum
585 617 805 679 antecessurae
829 613 1023 679 viderentur

518 870 522 877 ⁶
605 781 948 868 11111111111111111

459 905 489 960 0.
509 905 657 956 PLINIUS
676 904 835 956 TRAIANO
853 903 1083 956 IMPERATORI
1134 959 1142 970 ἱ
1385 908 1397 947 5

264 1021 452 1086 Petentibns
475 1021 665 1106 quibusdam
687 1024 723 1084 ut
750 1020 809 1084 sibi
839 1020 988 1110 reliquias
1015 1043 1143 1086 suorum
1166 1023 1222 1084 aut
1242 1021 1374 1103 propter

179 1124 329 1211 iniuriam
344 1124 512 1188 vetustatis
528 1128 583 1187 aut
597 1126 729 1207 propter
743 1122 885 1186 fluminis
900 1123 1064 1188 incursum
1080 1121 1204 1207 aliaque
1219 1121 1271 1185 his
1287 1121 1373 1185 simi·

179 1226 224 1290 lia
239 1247 455 1311 quaecumque
478 1225 651 1290 secundum
667 1225 846 1309 exemplum
862 1225 1086 1310 proconsulum
1105 1223 1282 1289 transferre
1304 1244 1373 1307 per-

180 1329 357 1411 mitterem,
381 1328 456 1412 qnia
479 1326 619 1391 sciebam
645 1327 680 1390 in
702 1327 780 1392 urbe
802 1331 913 1410 nostra
936 1349 974 1392 ex
996 1327 1063 1392 eius
1085 1327 1170 1391 modi
1193 1345 1290 1389 causa
1312 1323 1373 1388 col-

179 1429 299 1514 legium
315 1429 503 1513 pontificum
519 1428 600 1493 adiri
622 1429 738 1512 solere,
762 1432 809 1512 te,
832 1428 974 1512 domine,
997 1429 1171 1493 maximum
1185 1425 1372 1512 pontificem
1385 1452 1408 1491 10

182 1531 410 1596 consulendum
432 1530 559 1615 putavi,
584 1530 660 1616 quid
682 1531 851 1597 observare
873 1553 924 1596 me
946 1530 1035 1596 velis.

468 1679 488 1719 ⁰
592 1699 955 1790 LXV1H1.[LXX1V.]

564 1847 566 1849 >
616 1822 798 1875 TRAIANUS
822 1823 950 1875 PLINIO

264 1939 389 2004 Durum
405 1943 454 2005 est
475 1941 644 2025 iniungere
666 1939 892 2004 necessitatem
912 1938 1163 2024 prouincialibus
1185 1938 1372 2022 pontificum

182 2041 412 2125 adeundorum,
441 2041 468 2105 si
498 2041 648 2126 reliquias
676 2063 803 2106 suorum
830 2046 962 2126 propter
989 2040 1111 2126 aliquas
1137 2039 1239 2105 iustas
1263 2061 1406 2105 oausasu

180 2143 356 2208 transferre
379 2165 417 2207 ex
439 2144 509 2208 loco
531 2144 565 2207 in
589 2144 688 2208 alium
710 2143 814 2208 locum
837 2143 948 2208 velint.
985 2142 1147 2228 sequenda
1169 2162 1247 2227 ergo
1269 2142 1373 2225 potius

181 2245 240 2308 tibi
256 2246 400 2329 exempla
415 2249 491 2309 sunt
506 2267 613 2309 eorum
629 2245 683 2329 qui
706 2245 761 2309 isti
779 2245 963 2329 provinciae
977 2244 1202 2328 praefuerunt:
1225 2265 1265 2308 ex
1281 2265 1374 2309 causa

183 2347 295 2431 cuique
317 2347 365 2411 ita
387 2350 443 2411 aut
464 2346 714 2432 permittendum
737 2350 793 2412 aut
815 2347 1008 2432 negandum.

634 2515 733 2581 uxr.
766 2515 921 2604 1111111]

462 2637 491 2689 C.
511 2637 658 2690 PLINIUS
678 2636 836 2689 TRAIANO
856 2638 1088 2691 IMPERA'I'ORI
1386 2651 1407 2690 21

156 2761 171 2822 l
266 2755 440 2832 Quaerenti
461 2754 557 2838 mihi,
581 2754 725 2838 domine,
749 2753 879 2839 Prusae,
902 2755 958 2819 ubi
979 2758 1088 2840 posset
1108 2755 1271 2828 balineum
1294 2757 1375 2842 quod

183 2857 345 2921 indulsisti
373 2857 457 2940 fieri,
484 2857 606 2941 placuit
633 2856 720 2920 locus
746 2857 782 2920 in
810 2879 871 2942 quo
899 2857 962 2922 fuit
984 2857 1157 2942 aliquando
1185 2857 1313 2942 domus,
1342 2862 1375 2923 ut

184 2959 293 3043 audio,
323 2958 472 3043 pulchra,
500 2981 586 3034 nunc
609 2959 760 3024 deformis
788 2959 900 3023 ruinis.
931 2982 989 3043 per
1010 2959 1071 3024 hoo
1096 2960 1182 3024 enim
1207 2982 1374 3046 conseque-

183 3083 255 3125 mur
277 3064 312 3125 ut
338 3060 523 3125 foedissima
550 3060 650 3126 facies
678 3061 818 3125 civitatis
846 3064 977 3127 ornetur
1004 3064 1100 3146 atque
1128 3062 1227 3127 etiam
1250 3065 1287 3127 nt
1308 3063 1374 3149 ipsa

184 3163 295 3228 civitas
319 3163 489 3247 amplietur
509 3185 569 3228 noc
596 3162 661 3227 ulla
682 3163 827 3228 aedificia
849 3163 1018 3248 tollantur,
1043 3163 1097 3228 sed
1126 3186 1208 3248 qnae
1230 3168 1307 3230 sunt
1327 3185 1406 3229 11-11

154 3268 302 3331 2tustate
335 3265 485 3350 sublapsa
518 3265 702 3330 relaxentur
728 3266 763 3330 in
785 3265 908 3330 melius.
945 3269 994 3331 est
1021 3269 1127 3330 autem
1148 3265 1244 3331 huius
1267 3267 1374 3332 domus

186 3367 329 3432 condicio
352 3367 442 3432 talis:
465 3367 630 3452 legaverat
652 3389 722 3431 eam
739 3367 888 3434 Claudius
903 3367 1083 3453 Polyaenus
1099 3367 1233 3434 Claudio
1249 3368 1375 3436 Caesari
1408 3357 1411 3363 ⁵

184 3470 337 3554 iussitque
359 3470 395 3533 in
416 3469 582 3553 peristylio
604 3471 759 3554 templum
782 3470 811 3534 ei
826 3470 910 3555 fieri,
932 3469 1055 3555 reliqna
1079 3466 1130 3558 [ex
1144 3469 1250 3559 domo]
1266 3469 1373 3536 locari.

165 3584 170 3593 '
185 3593 224 3635 ex
239 3593 277 3635 ea
291 3571 430 3635 reditum
445 3572 629 3657 aliquandiu
651 3573 762 3636 civitas
778 3571 936 3656 percepit:
960 3571 1073 3635 deinde
1088 3571 1245 3656 paulatim
1259 3572 1375 3656 partim

185 3673 321 3758 spoliata
343 3673 462 3758 partim
476 3675 625 3759 neglecta
649 3695 720 3738 curn
744 3673 908 3758 peristylio
932 3674 1042 3738 domus
1064 3676 1133 3738 tota
1156 3673 1298 3758 collapsa
1318 3677 1405 3756 estu

185 3797 221 3840 ac
242 3775 308 3839 iam
330 3796 432 3859 paene
446 3776 529 3840 nihil
552 3798 591 3840 ex
612 3799 649 3841 ea
671 3777 735 3841 nisi
757 3776 860 3841 solnm
879 3779 1038 3860 superest,
1062 3776 1145 3860 quod
1167 3778 1214 3860 tu,
1238 3775 1372 3858 domine,

253 4055 269 4101 2
287 4053 440 4115 Lycormae
459 4067 475 4101 u
492 4051 632 4114 lycorinae
651 4052 674 4100 A
743 4055 758 4102 3
776 4052 848 4102 hunc
867 4067 883 4101 u
901 4052 965 4102 bure
981 4052 1004 4100 A

253 4120 371 4172 LXVHI
389 4122 429 4170 De
447 4120 573 4185 reliquiis
591 4119 759 4184 sepultorum
779 4120 1002 4172 transferendis.
1015 4119 1133 4171 XLVII.
1152 4121 1175 4169 A
1236 4123 1373 4173 9eaussis

186 4205 202 4238 a
271 4190 301 4238 ll
321 4189 469 4239 obseruare
488 4203 504 4237 u
522 4203 685 4239 conseruare
702 4189 725 4237 A

253 4256 384 4308 LXVIIII
404 4261 434 4308 17
453 4258 634 4323 praefuerunt
623 4257 798 4307 1311111111
816 4270 832 4306 a
849 4257 1010 4322 profuerunt
1028 4258 1051 4305 A
1125 4261 1153 4308 et
1172 4273 1206 4308 ex
1225 4273 1310 4310 eausa
1328 4257 1371 4309 Cn-

187 4333 310 4374 lenaeus.
322 4326 436 4388 fortasse
455 4330 483 4376 et
501 4330 531 4375 ut
549 4341 634 4376 causa
654 4326 751 4390 cuique
769 4325 791 4374 11
794 4343 809 4373 a
828 4329 867 4376 cel
885 4330 912 4376 et
930 4339 1016 4375 causa
1035 4325 1167 4390 cuiusque
1188 4328 1316 4391 quaesita

253 4393 328 4442 LXX
346 4394 388 4443 De
407 4393 467 4444 loco
486 4393 597 4444 Balinei
615 4393 792 4459 prusensibus
811 4392 1013 4443 concedendo.
1025 4393 1159 4445 XLVIII
1179 4395 1202 4443 A
1254 4394 1372 4444 2611111-

186 4458 296 4525 xentur]
316 4468 478 4526 reparentur
496 4478 513 4512 a
614 4464 647 4512 27
665 4461 821 4526 Polyaenus
839 4477 856 4510 a
874 4462 1018 4526 poliaenus
1037 4462 1060 4509 A
1153 4464 1186 4514 28
1204 4463 1372 4527 iusseratque

189 4529 330 4579 Coronaeus
399 4533 431 4580 29
451 4548 483 4581 ex
503 4547 536 4581 ea
555 4530 689 4581 redditum
707 4532 729 4579 A
748 4546 781 4580 ex
800 4545 851 4596 quo
869 4529 1005 4579 1111111111
1023 4545 1039 4579 u
