3024 5062
187 281 264 328 XXII
683 279 891 330 PRAEFATIO.

185 439 369 513 eaemplaris
390 440 619 512 correctissimi,
649 445 678 498 et
699 441 812 513 mirae,
842 458 880 501 ac
900 444 1001 516 potius
1024 443 1221 503 iccncrondae
1250 443 1384 503 Vetusta-

186 542 231 602 tis.
262 540 403 600 Eiusdem
426 541 634 616 Paneqqricus
663 539 797 601 Traiano
826 542 904 618 Imp.
928 544 1035 605 dictus.
1074 545 1215 606 Eiusdem
1238 546 1276 605 de
1305 546 1385 604 Viris

186 642 352 703 illustribus
374 644 405 702 in
422 643 467 701 Re
488 643 627 716 militari,
653 648 682 702 et
704 644 735 702 in
758 644 1006 705 administranda
1023 647 1098 722 Rep.
1121 644 1258 706 Suetonii
1282 643 1384 704 Tran-

186 744 277 817 quilli
301 744 339 803 de
365 745 460 803 claris
483 737 693 804 Grammaticis
720 749 750 804 et
771 744 924 806 Rbetorib.
953 746 1030 806 Iulii
1057 745 1249 822 Obsequentis
1271 747 1385 806 Prodi-

170 895 172 899 .
184 846 304 918 qiorum
327 844 412 904 liber.
451 843 607 920 Epistolae
634 846 744 905 decimi
769 848 843 907 libri
869 848 912 906 ad
936 846 1102 910 Traianum
1129 849 1301 925 probantur
1322 865 1386 908 esse

188 946 279 1005 Plinii
305 947 335 1005 in
363 947 498 1019 sequenti
522 937 661 1021 epistola.
701 948 782 1008 Inibi
808 952 897 1009 etiam
925 951 1003 1010 liber
1031 950 1069 1010 de
1097 952 1178 1011 Viris
1205 952 1382 1024 illustribus,

186 1063 247 1106 non
274 1045 456 1122 Tranquilli,
480 1049 533 1108 sed
554 1049 649 1109 Plinii
669 1065 731 1109 esse
754 1051 931 1111 ostenditur.
978 1046 1015 1132 (f.
1039 1046 1074 1132 2)

371 1334 526 1408 ALDVS
559 1336 668 1411 PIVS
694 1337 943 1410 MANVTIVS
970 1337 1196 1413 ROMANVS

188 1451 371 1526 ALOISIO
384 1455 618 1530 MOOENIOO
641 1455 819 1548 EQVITI,
849 1456 910 1529 ΕΤ
932 1456 1168 1531 SENATORI
1182 1458 1384 1532 VENETO.

704 1573 738 1648 S.
766 1575 806 1648 P.
834 1574 876 1646 D.

214 1791 228 1824 ⁸
274 1777 393 1839 Olebum
415 1781 622 1855 superioribus
645 1779 741 1838 Annis
763 1778 865 1840 Aloisi
884 1782 939 1840 Vir
962 1781 1084 1841 Olariss.
1100 1798 1168 1842 cnm
1185 1788 1238 1842 nat
1256 1782 1287 1842 Τ.
1305 1782 1389 1843 liuii

189 1883 340 1956 decades,
366 1897 445 1957 quoe
467 1897 527 1941 non
549 1887 657 1941 cature
678 1882 862 1955 creduntur,
893 1888 947 1941 aut
967 1882 1120 1957 Sallustii,
1145 1890 1198 1945 aut
1223 1883 1317 1959 Propi
1336 1883 1387 1943 bi-

189 1987 315 2057 storias‚
351 1989 405 2043 aut
434 1985 566 2057 quemuis
592 1983 687 2042 alium
717 2000 756 2042 erc
789 1986 922 2058 antiquis
955 1986 1112 2045 autoribus
1139 1987 1293 2046 inuentum
1325 2002 1389 2046 esse

189 2087 364 2160 audiebam,
390 2101 487 2159 napos
510 2086 626 2158 dicere,
651 2101 689 2144 ac
707 2084 843 2157 fabulas.
882 2085 945 2145 Sed
966 2103 1005 2146 eac
1028 2103 1087 2161 quo
1108 2092 1140 2147 tu
1162 2104 1179 2146 e
1202 2087 1314 2160 Gallio,
1338 2087 1390 2147 ubi

184 2205 246 2266 pro
279 2186 396 2247 Senatu
429 2191 480 2247 tuo
519 2189 732 2262 inteperrime,
775 2190 1061 2263 accuratissimeque
1104 2190 1236 2262 ieqatum
1280 2203 1385 2263 opens,

190 2306 332 2366 mapnam
354 2289 410 2348 tibi
429 2288 565 2357 laudem,
588 2294 617 2348 et
635 2289 768 2361 pluriam
784 2291 949 2365 peperisti,
980 2305 1047 2351 cum
1064 2291 1220 2366 plurimis,
1244 2306 1322 2364 quoe
1344 2292 1388 2350 in·

146 2463 148 2466 y
189 2409 252 2454 esse
274 2392 385 2467 optimo
409 2389 533 2451 Oratori
553 2395 684 2465 oportet,
710 2396 770 2450 tum
794 2392 962 2466 eloquentia
985 2393 1038 2451 illa
1060 2397 1114 2452 tua
1135 2391 1301 2466 sinpulari,
1326 2407 1388 2467 qua

190 2495 246 2554 tibi
266 2500 338 2570 ante
359 2497 390 2552 et
410 2493 546 2566 diuitias,
571 2497 601 2551 et
620 2493 755 2566 qratiam
778 2493 809 2551 in
831 2492 891 2552 bac
912 2492 989 2576 Rep.
1014 2494 1119 2554 excell.
1136 2508 1387 2573 comparaueras,

190 2596 246 2656 bas
268 2595 363 2655 Plinii
393 2595 535 2670 epistolas
562 2597 593 2654 in
614 2592 740 2653 ltaliam
768 2595 949 2668 reportasti,
984 2596 1017 2653 in
1049 2595 1225 2654 membrana
1246 2596 1388 2670 scriptos,

192 2703 281 2773 utque
303 2698 380 2757 odeo
403 2697 530 2757 diuersis
552 2712 572 2754 a
594 2696 702 2756 nostris
730 2696 975 2770 characteribus,
1007 2703 1039 2756 ut
1065 2698 1126 2757 nisi
1156 2697 1222 2772 quis
1255 2696 1308 2756 diu
1339 2713 1389 2755 as·

189 2802 336 2873 saeuerit,
361 2814 422 2859 non
445 2803 535 2873 queat
556 2799 671 2872 leqere,
702 2799 790 2872 coepi
809 2814 937 2872 sperare
957 2800 1067 2858 miram
1096 2801 1128 2859 in
1156 2799 1290 2872 modum,
1316 2798 1391 2870 sore

190 2906 290 2961 aetate
311 2906 431 2968 nostra,
454 2905 487 2959 ut
506 2901 634 2974 plurimi
653 2915 694 2959 ex
715 2900 801 2960 bonis
823 2901 997 2973 autoribus,
1023 2916 1097 2974 quos
1118 2917 1180 2961 non
1195 2905 1304 2960 extare
1324 2917 1390 2960 cre·

192 3005 303 3077 dimus,
328 3003 533 3062 inueniuntur.
573 3002 626 3060 Est
653 3002 729 3060 enim
752 3002 890 3062 uolumen
914 3004 1011 3076 ipsum
1040 3019 1100 3062 non
1116 3004 1211 3062 sotum
1233 3003 1390 3062 correctis-

191 3107 312 3177 simum,
336 3104 501 3163 sedetiam
523 3105 568 3164 ita
589 3105 762 3181 antiquum,
786 3109 818 3162 nt
834 3109 939 3178 putem
961 3105 1106 3178 scripturn
1128 3105 1223 3164 Plinii
1243 3105 1389 3179 tempori-

191 3209 253 3268 bus.
293 3205 504 3282 Quamobrem,
532 3207 573 3279 si,
603 3213 636 3265 ut
658 3205 795 3279 uidetur,
826 3205 963 3265 aPlinii
983 3212 1082 3266 aetate
1115 3207 1158 3264 ud
1189 3205 1265 3265 baec
1298 3221 1392 3279 usque

191 3316 329 3385 tempora
351 3309 408 3369 boc
431 3309 627 3382 epistolarum
649 3309 788 3368 uolumen
809 3312 965 3367 seruatum
987 3313 1045 3381 est,
1073 3309 1125 3381 tit,
1151 3313 1184 3366 ut
1202 3306 1300 3380 facile
1321 3323 1391 3367 ore-

193 3414 264 3473 dam
291 3417 320 3471 et
351 3409 382 3470 Τ.
407 3411 543 3484 linium,
578 3416 608 3469 et
640 3411 732 3483 alios,
768 3425 841 3484 quos
868 3415 929 3468 tum
958 3415 1121 3483 uetustate,
1157 3415 1218 3469 tum
1240 3408 1392 3469 bominum

193 3514 388 3592 neqliqentia,
411 3518 474 3572 tura
493 3513 527 3572 ui
553 3513 672 3586 aliqua,
698 3513 916 3583 incursioneue,
932 3516 1106 3572 exterarum
1119 3513 1252 3585 qentium
1261 3511 1392 3585 periisse

193 3617 359 3689 credimus,
385 3614 511 3687 alicubi,
548 3622 695 3688 tanquam
730 3615 761 3672 in
789 3613 878 3688 impio
912 3613 1068 3673 conclusos
1099 3629 1238 3685 carcere,
1266 3613 1392 3686 squalli-

194 3719 249 3778 dos
271 3717 412 3789 delitare,
436 3731 612 3790 speremque
626 3717 763 3775 exituros
785 3717 816 3775 in
837 3716 949 3788 lucem,
974 3715 1064 3789 idque
1078 3713 1258 3789 temporibus
1272 3713 1390 3781 nostris,

194 3837 233 3881 ae
254 3835 321 3878 mea
343 3819 372 3878 si
392 3818 445 3878 diu
471 3819 599 3892 uenero,
629 3819 798 3894 praecipue
826 3833 936 3893 opera,
968 3817 1085 3877 (ibristo
1106 3815 1207 3876 IESll
1231 3820 1391 3893 annuente,

195 3921 333 3997 δοτῆροε
356 3915 453 3982 ἐάων.
494 3919 581 3980 Nunc
604 3925 717 3994 autem,
743 3919 825 3993 quod
840 3933 1012 3994 possumus,
1038 3919 1128 3978 basae
1159 3916 1296 3978 Secundi
1325 3918 1393 3992 cpi-

194 4025 289 4085 stolas
321 4024 428 4083 damus
455 4038 546 4097 quam
579 4023 830 4094 correctissimas,
867 4023 897 4080 in
931 4021 1038 4095 quibus
1070 4023 1160 4080 etiam
1182 4020 1293 4079 multae
1313 4024 1392 4087 sunt,

195 4141 273 4203 quae
295 4125 423 4186 antebac
456 4140 516 4184 non
548 4123 747 4184 habebantur.
785 4122 847 4182 Sed
868 4122 920 4182 tibi
940 4124 1094 4198 inprimis
1108 4121 1248 4182 babendo
1270 4123 1392 4197 estplu·

194 4229 274 4290 rima
287 4229 392 4304 pratia
404 4228 520 4302 Inclqte
532 4227 639 4300 Aloisi,
652 4227 705 4300 qui
724 4225 881 4301 exemplar
897 4225 994 4299 ipsum
1016 4226 1208 4300 epistolarum
1230 4226 1397 4299 reportasti

195 4333 227 4392 in
247 4330 385 4409 Italiam,
401 4330 533 4404 uinique
553 4329 673 4402 dedisti,
700 4334 883 4388 utcncusum
900 4327 1101 4402 publicarem.
1124 4325 1241 4385 Deinde
1254 4325 1395 4386 iucundo

202 4433 371 4495 Veronensi
391 4434 460 4493 Viro
482 4432 634 4506 sinpulari
648 4432 768 4505 inqenio
783 4446 821 4489 oc
834 4430 980 4489 bonorum
995 4430 1153 4488 literarum
1168 4428 1392 4506 studiosissimo,

197 4536 278 4612 quod
296 4540 329 4596 et
356 4535 475 4595 eosdem
498 4533 633 4595 Secundi
658 4534 802 4609 epistolas
828 4533 865 4592 ab
893 4548 926 4591 eo
948 4533 1013 4607 ipso
1039 4531 1213 4606 exemplari
1238 4546 1258 4587 a
1284 4546 1316 4589 se
1337 4529 1394 4588 de-
