3024 5062
426 1111 660 1185 ADDENDA
687 1110 747 1183 ΕΤ
775 1107 1079 1183 CORRIGENDA

223 1368 248 1418 p.
267 1354 292 1414 2,
315 1347 853 1415 19010011111,12-3,6000.ΙΙΙ9,
874 1348 956 1397 1-28
1007 1408 1009 1413 A

222 1453 248 1501 p.
269 1440 294 1498 3,
314 1438 346 1485 10
364 1441 416 1486 not.
436 1437 607 1484 iusserant

220 1538 247 1586 p.
265 1523 307 1582 46,
329 1522 360 1570 17
379 1521 536 1569 sestertium
556 1518 650 1568 decem
669 1516 747 1566 milia
764 1517 903 1567 Mommsen

221 1622 247 1670 p.
266 1607 307 1663 48,
327 1607 342 1654 3
365 1605 411 1654 Ad
432 1604 460 1653 C.
481 1604 505 1653 I.
525 1604 556 1652 L.
580 1601 623 1664 II,
648 1603 718 1651 3866
735 1602 810 1650 docui
827 1601 864 1648 sie
887 1601 1087 1664 distinpnenelmn
1110 1615 1180 1649 esse:
1214 1601 1299 1650 Pater
1318 1601 1344 1650 ei

154 1693 182 1740 in
202 1691 325 1754 equestri
344 1688 430 1754 gradu
449 1686 554 1737 clarus:
584 1685 684 1735 clarior
706 1686 900 1736 vitricus
921 1689 1010 1732 mater
1033 1699 1047 1732 e
1067 1683 1169 1747 primis.
1195 1687 1257 1750 Ipse
1277 1686 1345 1735 cite·

156 1776 238 1825 rioris
256 1774 412 1838 Hispaniae
431 1767 497 1837 (scis
517 1770 588 1835 quod
607 1770 738 1847 iudicium
762 1768 931 1834 provinciae,
958 1772 1063 1832 quanta
1086 1768 1123 1816 sit
1141 1770 1275 1834 gravitas)
1299 1771 1347 1818 fla-

156 1874 217 1908 men
241 1858 365 1923 proxime
385 1857 447 1910 fuit,
467 1857 531 1904 Nam
550 1863 574 1904 01
589 1856 682 1919 flamen
699 1855 812 1904 absolute
831 1855 913 1904 dietus
930 1855 1043 1918 intellegi
1059 1855 1152 1918 neqm't,
1171 1870 1217 1904 nee
1229 1856 1347 1904 iudieima

154 1945 301 2008 provinciae
319 1945 392 1991 cellum
410 1947 449 1990 est
466 1942 492 1989 in
509 1947 604 2000 nnntre,
623 1940 737 1988 eernzitur
754 1945 834 1987 antem
859 1940 886 1985 in
907 1938 1050 1994 dominatu:
1069 1954 1125 1987 noni
1140 1940 1255 2002 flamines
1272 1955 1343 1988 ereo-

153 2029 246 2079 hantnr
275 2032 300 2075 in
319 2032 439 2076 conventa
456 2026 604 2089 provinciae
621 2024 754 2088 suffrnpiis
771 2026 919 2088 legatorum.
942 2023 1080 2073 Mommsen

221 2127 248 2175 p.
267 2113 308 2173 50,
328 2111 395 2162 121.
414 2110 531 2159 Larcius
546 2126 597 2173 pro
616 2109 745 2173 Largius.
764 2108 799 2168 ef.
818 2110 871 2158 ind.
886 2124 949 2158 nom.
971 2106 1122 2158 LAROIVS
1141 2107 1287 2159 LICINVS

222 2213 247 2259 p.
266 2195 308 2257 56,
328 2195 345 2242 4
363 2198 460 2259 puteos
479 2209 512 2242 ac
532 2193 633 2258 potiles
652 2193 744 2242 fontes
761 2194 869 2243 coniecit
888 2193 1024 2243 Mommsen

221 2296 247 2344 p.
266 2280 308 2342 68,
327 2280 342 2328 8
361 2281 378 2332 l.
398 2278 496 2328 Larcio
512 2295 563 2342 pro
581 2279 692 2343 Largio.
711 2276 745 2339 ef.
764 2278 817 2330 ind.
836 2293 900 2327 nom.
918 2277 1075 2329 LARCIVS
1095 2277 1244 2330 L101st

221 2381 247 2429 p.
267 2366 309 2426 80,
328 2365 378 2413 51.
397 2363 515 2412 Larcius
531 2380 582 2428 pro
591 2363 710 2428 Largius
729 2369 755 2411 et
772 2369 822 2412 not.
841 2361 945 2411 larcius
960 2361 1118 2428 Brlargius
1136 2365 1289 2427 Uspen.
1310 2348 1345 2430 cl.

152 2452 208 2499 ind.
227 2465 292 2499 nona.
310 2446 445 2498 LAROIV
447 2447 465 2498 S
483 2445 636 2498 MACEDO

221 2551 247 2598 p.
267 2535 308 2596 83,
328 2534 360 2582 10
377 2548 427 2596 per
445 2532 516 2597 quod
535 2531 571 2581 ad
589 2531 658 2581 haec
676 2535 833 2597 perventum
852 2534 894 2581 est
911 2533 1018 2582 coniecit
1038 2533 1177 2585 Mommsen

272 2620 305 2667 24
322 2617 454 2668 avlsslo
472 2634 521 2682 pro
540 2616 658 2668 GURIO.
678 2617 712 2681 of.
732 2619 784 2667 ind.
797 2631 861 2667 nom.
879 2615 1001 2666 VIBIVS
1019 2617 1181 2669 SEVERVS

222 2719 248 2769 p.
268 2705 324 2765 102,
345 2704 376 2753 17
395 2698 519 2768 adicere]
540 2701 668 2751 addicere
686 2701 824 2751 Mommsen

124 2774 129 2783 ’
163 2775 165 2779 ⁴
222 2804 249 2853 p.
268 2788 326 2850 114,
344 2790 360 2837 6
378 2791 394 2837 l.
409 2786 515 2836 Metilio
530 2803 581 2851 pro
599 2785 738 2836 Maecilio.
756 2788 789 2847 ef.
808 2787 861 2835 ind.
881 2801 944 2835 nom.
962 2784 1138 2839 METILIVS
1156 2787 1274 2838 NEPOS

274 2874 305 2921 19
324 2871 459 2930 Sentium]
480 2872 584 2921 Senium
607 2871 765 2935 Borpleesr'ns
782 2887 842 2935 opp.
861 2870 879 2918 6
894 2887 922 2935 p.
942 2872 999 2919 299.
1019 2871 1053 2934 es.
1065 2873 1117 2925 ind.
1136 2889 1199 2922 nom
1220 2873 1346 2924 SERIVS

154 2955 362 3008 AVGVRINVS

223 3058 249 3105 p.
270 3043 327 3103 136,
345 3043 361 3090 3
380 3044 460 3093 0011.
480 3041 591 3091 eosdem
610 3041 679 3091 istos
698 3043 768 3103 lips
785 3056 834 3104 pro
853 3039 960 3089 eosdem
980 3041 1048 3091 istos
1066 3044 1134 3103 ltpr
1198 3033 1199 3036 ¹

223 3142 248 3188 p.
268 3127 325 3186 138,
346 3127 363 3174 4
381 3129 397 3174 1.
416 3124 544 3175 Flavium
562 3141 612 3189 pro
630 3125 758 3176 Fabium.
776 3125 810 3185 cf.
828 3126 880 3175 ind.
898 3142 961 3175 nom.
981 3126 1139 3176 FLAVIVS
1157 3128 1253 3176 APER

227 3226 252 3274 p.
275 3212 332 3272 168,
352 3211 385 3258 20
413 3210 573 3273 emptitant:
609 3225 662 3273 quo
693 3215 723 3258 ut
750 3210 806 3258 sint
838 3209 917 3273 plura
946 3209 1058 3260 venalia
1087 3209 1211 3260 efficiunt
1240 3215 1347 3263 00010011

153 3295 294 3346 Mommsen

224 3397 250 3445 p.
272 3381 328 3442 166,
347 3382 363 3429 6
382 3375 571 3444 credidissem]
593 3376 744 3427 credidisse
764 3377 902 3428 Mommsen

223 3481 248 3529 p.
267 3466 324 3527 174,
346 3467 377 3514 19
395 3472 488 3515 01001.
509 3468 525 3514 1.
544 3462 662 3513 Gallitta
677 3478 727 3527 pro
747 3462 852 3513 Gallita

222 3566 248 3615 p.
269 3552 324 3611 176,
345 3552 376 3600 17
396 3546 551 3612 imitentur]
572 3547 692 3598 limitent
711 3547 849 3598 Mommsen

223 3651 249 3699 p.
267 3637 325 3698 235,
346 3637 358 3684 l
378 3639 460 3687 noti.
479 3635 513 3685 28
528 3649 578 3699 pro
597 3635 630 3683 38

222 3736 249 3784 p.
268 3722 325 3778 269,
347 3721 461 3770 190110
480 3718 595 3785 quodam
615 3716 780 3768 sodalitates
800 3719 904 3769 ambire
922 3722 1030 3771 coniecit
1048 3722 1186 3773 Mommsen

222 3821 248 3869 p.
267 3806 324 3862 274,
345 3807 374 3853 11
395 3807 412 3857 l.
431 3804 585 3854 Anchariae
603 3819 652 3867 pro
672 3803 854 3853 Panchariae.
875 3813 927 3855 001.
946 3806 1118 3857 Panchariae
1136 3823 1153 3856 a

223 3905 250 3955 p.
269 3889 328 3954 288,
349 3891 381 3938 16
398 3905 433 3938 ne
452 3888 554 3952 gaudio
573 3888 680 3953 quidem
698 3888 823 3952 quamvis
836 3890 953 3941 maximo
967 3907 1074 3956 possum
1089 3894 1195 3957 00010011
1209 3893 1347 3944 Mommsen

222 3991 249 4039 p.
268 3976 326 4038 310,
345 3975 377 4023 27
395 3973 516 4023 cohortis
534 3973 575 4024 III
594 3975 756 4040 campestris
774 3978 881 4027 coniecit
892 3977 1030 4027 Mommsen
1048 3981 1104 4030 coll.
1123 3978 1200 4026 inser.
1220 3981 1261 4032 ed.
1275 3979 1348 4029 Hea-

154 4076 200 4110 000
219 4077 243 4108 0.
263 4061 335 4108 5443

224 4145 257 4192 In
275 4145 405 4208 scriptore
422 4145 572 4194 schedarum
589 4146 772 4209 rescripturum
782 4149 935 4213 panegyrici
956 4148 1019 4197 hoec
1040 4149 1160 4198 addendo
1182 4164 1238 4200 0000
1255 4154 1348 4200 monuit

154 4231 319 4295 Krneperns,
348 4245 411 4294 qnae
440 4230 480 4280 Mo
506 4232 648 4294 adnotabo,
675 4248 822 4296 qnaeaernqrmm
847 4240 947 4296 partem
977 4248 1062 4282 eorrtm
1091 4235 1175 4283 001000
1204 4236 1262 4284 olim
1289 4237 1348 4285 omi-

153 4332 254 4376 serum,

361 4417 387 4467 p.
407 4402 465 4465 324,
487 4402 518 4450 18
536 4409 589 4455 001.
610 4402 641 4451 18
661 4401 766 4453 adsdmi
782 4418 833 4467 pro
852 4401 958 4452 adsumi
