3024 5062
182 259 246 322 324
706 274 736 322 c.
760 275 854 321 annu

183 427 326 491 stitistis:
353 427 407 490 ille
429 425 489 489 tibi
512 426 681 510 imperium
703 427 806 512 dedit,
835 431 872 491 tu
898 427 947 490 illi
969 426 1146 492 reddidisti.
1186 427 1272 492 solus
1301 449 1378 512 ergo

183 530 223 592 ad
251 530 312 592 hoc
341 528 410 592 aevi
438 549 497 610 pro
525 550 657 593 munere
683 532 777 593 tanto
799 529 890 612 paria
913 529 1100 613 accipiendo
1121 529 1245 613 fecisti,
1280 529 1378 594 immo

182 631 266 694 ultro
289 632 418 694 dantem
434 629 601 714 obligasti:
624 631 859 695 communicato
875 631 961 695 enim
982 631 1117 716 imperio
1139 630 1309 696 sollicitior
1330 634 1377 715 tu,

181 732 237 796 ille
259 733 400 797 securior
420 731 527 796 factus
551 735 608 796 est.

103 917 107 926 ι
153 835 171 898 l
268 834 435 899 Onovum
451 837 545 918 atque
568 834 749 898 inauditum
768 836 809 898 ad
823 835 1041 919 principatum
1062 835 1139 899 iter!
1162 856 1230 899 non
1251 837 1285 899 te
1306 853 1405 918 pro-5

181 937 252 1020 pria
268 935 442 1019 cupiditas,
466 935 614 1019 proprius
629 939 748 1020 metus,
773 937 828 1001 scd
843 938 949 1002 aliena
972 937 1112 1021 utilitas,
1137 936 1260 1001 alienus
1282 937 1380 1002 timor

181 1039 361 1123 principem
383 1038 472 1102 fecit.
506 1036 643 1101 videaris
665 1038 742 1102 licet
763 1039 846 1123 quod
869 1042 917 1103 est
932 1038 1165 1123 amplissimum
1188 1041 1379 1102 consecutus

180 1140 267 1205 inter
282 1140 427 1204 homines
435 1189 443 1223 ,
467 1138 593 1203 felicius
614 1142 725 1204 tamen
740 1143 809 1204 erat
829 1140 908 1204 illud
923 1139 1006 1224 quod
1021 1140 1194 1224 reliquisti:
1217 1140 1277 1205 sub
1292 1140 1379 1204 bono

181 1242 327 1328 principe
342 1244 488 1328 privatus
504 1262 572 1306 esse
588 1241 708 1308 desisti.
734 1244 921 1326 adsumptus
944 1264 977 1306 es
1000 1242 1035 1307 in
1052 1241 1199 1306 laborum
1215 1263 1379 1306 curarum-

182 1366 243 1428 que
271 1344 485 1425 consortium,
513 1365 575 1407 nec
603 1346 635 1407 te
662 1366 816 1429 prospera
844 1348 877 1409 et
903 1344 989 1409 laeta
1016 1343 1166 1408 stationis
1187 1344 1298 1427 istius,
1323 1343 1417 1408 sed10

185 1468 298 1531 aspera
321 1448 353 1510 et
374 1447 454 1510 dura
477 1445 516 1509 ad
533 1447 761 1530 capessendam
782 1468 852 1511 eam
867 1447 1106 1531 compulerunt:
1129 1444 1299 1529 suscepisti
1320 1445 1378 1508 im-

183 1549 323 1632 perium,
345 1550 515 1632 postquam
531 1547 629 1611 alium
644 1549 785 1632 suscepti
799 1548 996 1631 paenitebat.
1030 1546 1121 1611 nulla
1143 1547 1290 1632 adoptati
1306 1569 1378 1613 cum

183 1672 220 1715 eo
242 1652 296 1735 qui
319 1649 494 1735 adoptabat
516 1649 682 1733 cognatio,
705 1650 795 1714 nulla
812 1650 1014 1715 necessitudo
1020 1699 1029 1734 ,
1052 1649 1116 1714 nisi
1137 1649 1221 1734 quod
1243 1651 1378 1732 uterque

182 1752 320 1835 optimus
343 1755 413 1816 erat
427 1750 605 1836 dignusque
628 1751 710 1815 alter
732 1751 824 1836 eligi,
849 1751 931 1816 alter
951 1752 1080 1836 eligere.
1114 1751 1222 1835 itaque
1245 1750 1377 1835 adopta-

182 1856 234 1918 tus
257 1876 290 1919 es
318 1875 399 1937 non,
429 1856 466 1917 ut
492 1854 581 1936 prius
604 1853 685 1918 alius
709 1857 804 1938 atque
827 1854 925 1937 alius,
952 1854 986 1917 in
1008 1854 1150 1938 gratiam
1170 1851 1289 1916 uxoris.
1323 1851 1377 1916 ad·
1389 1873 1413 1912 15

182 1956 276 2019 scivit
291 1955 377 2020 enim
391 1958 424 2018 te
438 1954 539 2019 filium
561 1976 627 2019 non
641 1955 790 2039 vitricus,
815 1956 870 2021 sed
891 1956 1057 2040 princeps,
1080 1954 1253 2038 eodemque
1268 1953 1385 2018 animo

184 2057 276 2121 divus
298 2056 406 2121 Nerva
427 2059 520 2139 pater
541 2058 615 2120 tuus
638 2057 743 2122 factus
759 2062 823 2141 est,
847 2079 909 2142 quo
932 2060 1001 2121 erat
1014 2056 1169 2121 omnium.
1203 2077 1265 2120 nec
1287 2055 1378 2120 decet

185 2157 278 2222 alitor
298 2157 400 2221 filium
423 2156 561 2241 adsumi,
586 2157 615 2222 si
636 2158 822 2223 adsumatur
844 2181 863 2223 a
884 2157 1041 2243 principe.
1082 2179 1124 2222 an
1147 2159 1298 2222 senatum
1323 2177 1378 2240 po·

183 2259 356 2343 pulumque
371 2257 566 2343 Romanum,
590 2261 762 2346 exercitus,
785 2261 984 2345 provincias,
1008 2260 1110 2325 socios
1131 2258 1377 2324 transmissurus

184 2361 241 2425 uni
256 2382 470 2426 successorem
492 2361 597 2426 esinu
619 2362 726 2428 uxoris
749 2363 889 2447 accipias
904 2383 1109 2446 summaeque
1130 2358 1304 2446 potestatis
1325 2359 1409 2424 he-so

183 2465 291 2527 redem
312 2465 440 2526 tantum
461 2462 549 2526 intra
572 2462 699 2527 domum
721 2466 811 2528 tuam
833 2463 990 2548 quaeras?
1011 2485 1079 2529 non
1097 2465 1203 2527 totam
1224 2483 1284 2546 per
1306 2462 1377 2527 civi-

182 2568 282 2630 tatem
305 2565 510 2629 circumferas
533 2565 641 2629 oculos
664 2568 696 2629 et
717 2564 803 2630 hunc
828 2566 890 2630 tibi
911 2565 1108 2650 proximum,
1137 2563 1226 2628 hunc
1248 2563 1376 2628 coniun-

184 2667 361 2731 ctissimum
388 2665 566 2749 existimes,
596 2688 690 2750 quem
718 2668 888 2752 optimum,
919 2688 1012 2751 quem
1040 2667 1088 2730 dis
1111 2664 1311 2730 simillimum
1331 2666 1377 2730 in-

183 2768 332 2834 veneris?
353 2769 567 2853 imperaturus
582 2769 729 2833 omnibus
747 2768 829 2854 ‘eligi
843 2768 939 2834 debet
961 2790 999 2833 cx
1017 2767 1181 2832 omnibus:
1203 2788 1273 2832 non
1294 2768 1377 2832 enim

184 2871 317 2936 servulis
339 2871 404 2935 tuis
420 2870 599 2953 dominum,
623 2873 659 2934 ut
680 2870 783 2953 possis
799 2892 868 2935 esse
890 2873 1060 2935 contentus
1083 2869 1176 2954 quasi
1197 2869 1408 2934 necessarios

185 2973 318 3055 herede,
347 2972 402 3035 sed
423 2972 603 3056 principem
630 2972 752 3036 civibus
771 2971 903 3036 daturus
924 2993 957 3036 es
984 2971 1168 3056 imperator.
1207 2971 1377 3055 superbum

182 3074 268 3139 istud
296 3076 329 3138 et
355 3074 495 3157 regium,
524 3074 589 3138 nisi
618 3075 749 3159 adoptes
779 3096 851 3139 eum
878 3096 971 3158 quem
999 3075 1126 3139 constet
1146 3073 1377 3158 imperaturum

183 3175 297 3257 fuisse,
321 3175 447 3238 etiamsi
469 3196 536 3239 non
558 3176 754 3261 adoptasses.
788 3176 949 3242 fecithoc
970 3176 1093 3261 Nerva,
1117 3175 1201 3241 nihil
1223 3177 1376 3242 interesse

251 3381 319 3431 iad
335 3381 388 3432 hoo
408 3380 483 3447 aevi]
504 3381 593 3432 adhuc
611 3383 691 3448 quis
787 3385 868 3449 paria
884 3385 949 3434 Abd
970 3384 1063 3449 patria
1082 3383 1116 3447 βο
1212 3383 1376 3450 accipienda
1412 3403 1414 3406 ’

183 3451 206 3499 A
291 3449 395 3500 3ultro
414 3451 526 3500 dantem
542 3451 602 3504 ude
618 3451 692 3500 ultra
710 3450 818 3502 dantem
836 3451 879 3514 AB
897 3452 1009 3502 dantem
1027 3452 1133 3502 ultrac
1237 3451 1374 3504 calienus

184 3520 264 3568 timor
281 3516 329 3566 AB
348 3517 454 3569 alienus
472 3534 563 3569 rumor
580 3533 593 3567 c
611 3517 718 3569 alicnus
736 3525 825 3570 metus
842 3521 859 3568 d
928 3523 960 3571 10
977 3535 1029 3570 nec
1047 3525 1076 3570 te
1093 3519 1177 3569 saco
1193 3535 1251 3571 non
1267 3524 1297 3571 te
1314 3522 1338 3570 A

185 3587 243 3637 leta
262 3590 289 3636 et
306 3602 438 3652 prospera
458 3587 501 3642 Βς
604 3589 636 3637 12
655 3591 802 3653 postquam
820 3590 903 3637 Bscd
921 3589 1127 3656 quamquamA
1214 3591 1247 3640 13
1264 3593 1374 3654 uterque

184 3655 302 3720 optimus
320 3681 354 3689 -
371 3657 430 3718 326,
448 3658 464 3705 2
483 3655 615 3705 tumultus
632 3656 733 3706 fuisset
749 3658 773 3705 R
867 3659 899 3706 14
917 3656 1036 3721 optimus
1054 3656 1210 3722 dignusque
1230 3662 1291 3707 erat
1308 3657 1375 3707 alter

183 3725 200 3771 d
269 3723 341 3773 alter
359 3721 433 3786 elegi
451 3722 522 3772 alter
541 3723 652 3787 elegere
670 3725 694 3772 R
747 3726 779 3775 15
798 3719 841 3790 es]
861 3728 903 3775 cst
920 3726 944 3773 R
994 3740 1050 3776 non
1067 3737 1148 3791 cmc
1201 3723 1292 3790 adque
1310 3727 1334 3774 B

185 3792 217 3841 18
236 3790 344 3840 adsumi
361 3792 416 3840 nisi
434 3790 627 3841 adsumaturlt
645 3793 776 3843 assummi
794 3791 844 3842 sed
862 3794 887 3842 si
903 3797 1116 3843 cosummaturc
1185 3798 1314 3843 senatum
1331 3807 1374 3858 po·

184 3858 332 3923 pulumque
350 3874 388 3909 ro.
407 3860 447 3907 Bc
465 3863 589 3909 senatum
612 3875 655 3924 po.
675 3875 758 3924 q.„ro.
776 3861 793 3908 d
817 3865 942 3910 senatum
956 3859 1113 3926 ‘populique
1136 3861 1245 3910 romani
1261 3862 1286 3910 A
1304 3874 1375 3910 senc·

184 3931 228 3975 tus
247 3926 395 3994 populique
415 3928 557 3982 romanis
660 3929 806 3979 wionius
829 3930 1021 3980 transmissurus
1043 3928 1123 3979 unius
1142 3931 1303 3980 successore
1317 3926 1322 3994 Ι
1336 3943 1374 3977 me

183 3994 245 4043 sinu
262 3996 286 4043 R
370 3997 402 4045 21
420 3999 507 4045 totam
525 4010 574 4060 per
591 3998 614 4045 B
636 4011 686 4061 per
707 4000 792 4047 totam
809 3996 897 4046 ABcd
1016 3999 1049 4047 22
1068 3997 1251 4047 circumferas
1268 3995 1376 4046 RBcod

184 4063 314 4112 conferas
330 4063 354 4111 A
405 4067 437 4115 23
456 4064 572 4114 extimes
590 4066 614 4113 R
665 4063 708 4114 dis
726 4063 906 4130 simillimum]
926 4065 1147 4131 dignissimumR
1208 4066 1243 4115 24
1260 4066 1374 4130 impero·

186 4135 263 4181 turus
282 4157 315 4165 -
334 4133 460 4183 omnibus
478 4147 525 4182 om.
543 4132 573 4193 A,
593 4133 654 4183 add.
673 4147 690 4180 s
707 4139 732 4182 et
751 4137 775 4183 in
793 4135 913 4198 morpA
981 4134 1014 4183 25
1032 4136 1063 4184 ut
1079 4134 1212 4198 posscsit
1281 4135 1315 4184 26
1332 4132 1375 4181 do-

185 4204 262 4248 turus
282 4213 311 4247 es
329 4200 479 4264 imperator
497 4201 627 4251 Livineius
645 4199 760 4251 daturus
777 4202 926 4266 imperator
942 4201 1031 4251 ABcd
1054 4201 1168 4253 daturus
1187 4207 1215 4250 ct
1232 4201 1375 4267 imperato

185 4282 242 4316 rem
260 4267 283 4315 B
302 4265 416 4318 daturus
434 4268 576 4332 imperium
594 4284 611 4317 a
680 4271 846 4334 superbuum
864 4271 932 4320 istut
951 4275 978 4320 et
996 4270 1102 4336 regium
1120 4272 1164 4319 est
1180 4269 1237 4319 nisi
1253 4270 1279 4319 B
1345 4267 1376 4319 28

184 4335 320 4385 interesse
340 4337 491 4387 arbitratus
513 4337 558 4386 Ad
584 4337 736 4388 arbitratus
763 4338 897 4388 interesse
913 4338 943 4388 B.
961 4339 1023 4387 inc
1049 4339 1112 4388 doec
1134 4344 1161 4387 ct
1178 4353 1245 4404 quac
1259 4338 1376 4402 proaem

184 4410 304 4482 secantur
319 4405 471 4467 perturbato
490 4407 581 4455 ordine
599 4407 697 4470 scripta
714 4414 773 4455 runi
798 4408 850 4470 ita,
874 4407 1006 4456 interesse
1025 4406 1185 4457 arbitratus.
1212 4406 1334 4456 Nescisti
1349 4411 1376 4455 te

184 4475 378 4602 ,m
390 4473 1377 4610 323323333333333·(3331333323
