<?xml version="1.0" encoding="UTF-8"?>
<!DOCTYPE html PUBLIC "-//W3C//DTD XHTML 1.0 Transitional//EN"
    "http://www.w3.org/TR/xhtml1/DTD/xhtml1-transitional.dtd">
<html xmlns="http://www.w3.org/1999/xhtml" xml:lang="en" lang="en">
 <head>
  <title>
</title>
<meta http-equiv="Content-Type" content="text/html;charset=utf-8" />
  <meta name='ocr-system' content='tesseract 3.04.00' />
  <meta name='ocr-capabilities' content='ocr_page ocr_carea ocr_par ocr_line ocrx_word'/>
</head>
<body>
  <div class='ocr_page' id='page_1' title='image "./cplinicaecilise03plingoog_0275.png"; bbox 0 0 3024 5062; ppageno 0'>
   <div class='ocr_carea' id='block_1_1' title="bbox 206 251 877 312">
    <p class='ocr_par' dir='ltr' id='par_1_1' title="bbox 206 251 877 312">
     <span class='ocr_line' id='line_1_1' title="bbox 206 251 877 312; baseline -0.004 0"><span class='ocrx_word' id='word_1_1' title='bbox 206 251 268 312; x_wconf 92' lang='grc'><strong>222</strong></span> <span class='ocrx_word' id='word_1_2' title='bbox 727 264 757 310; x_wconf 87' lang='lat' dir='ltr'><strong>o.</strong></span> <span class='ocrx_word' id='word_1_3' title='bbox 780 265 877 310; x_wconf 78' lang='grc'><strong>11111</strong></span> 
     </span>
    </p>
   </div>
   <div class='ocr_carea' id='block_1_2' title="bbox 154 412 1452 3855">
    <p class='ocr_par' dir='ltr' id='par_1_2' title="bbox 154 412 1452 3855">
     <span class='ocr_line' id='line_1_2' title="bbox 207 412 1401 501; baseline -0.006 -20"><span class='ocrx_word' id='word_1_4' title='bbox 207 419 403 482; x_wconf 89' lang='lat' dir='ltr'><strong>absolventis</strong></span> <span class='ocrx_word' id='word_1_5' title='bbox 431 439 504 481; x_wconf 86' lang='lat' dir='ltr'><strong>mox</strong></span> <span class='ocrx_word' id='word_1_6' title='bbox 532 417 706 481; x_wconf 83' lang='lat' dir='ltr'>dissensuri</span> <span class='ocrx_word' id='word_1_7' title='bbox 734 417 1024 501; x_wconf 77' lang='lat' dir='ltr'><strong>congregarentur,</strong></span> <span class='ocrx_word' id='word_1_8' title='bbox 1054 414 1129 498; x_wconf 89' lang='lat' dir='ltr'><strong>quia</strong></span> <span class='ocrx_word' id='word_1_9' title='bbox 1156 412 1324 498; x_wconf 88' lang='lat' dir='ltr'><strong>parvulum</strong></span> <span class='ocrx_word' id='word_1_10' title='bbox 1353 434 1401 475; x_wconf 90' lang='lat' dir='ltr'><strong>re-</strong></span> 
     </span>
     <span class='ocr_line' id='line_1_3' title="bbox 159 513 1402 602; baseline -0.005 -20"><span class='ocrx_word' id='word_1_11' title='bbox 159 521 321 597; x_wconf 79' lang='grc'><strong>15111111,</strong></span> <span class='ocrx_word' id='word_1_12' title='bbox 354 541 396 582; x_wconf 91' lang='lat' dir='ltr'><strong>an</strong></span> <span class='ocrx_word' id='word_1_13' title='bbox 426 519 511 582; x_wconf 93' lang='lat' dir='ltr'><strong>idem</strong></span> <span class='ocrx_word' id='word_1_14' title='bbox 539 518 721 601; x_wconf 75' lang='lat' dir='ltr'>displiceret</span> <span class='ocrx_word' id='word_1_15' title='bbox 752 519 867 602; x_wconf 89' lang='lat' dir='ltr'><strong>quibus</strong></span> <span class='ocrx_word' id='word_1_16' title='bbox 893 540 959 581; x_wconf 91' lang='lat' dir='ltr'><strong>non</strong></span> <span class='ocrx_word' id='word_1_17' title='bbox 987 517 1072 580; x_wconf 90' lang='lat' dir='ltr'><strong>idem</strong></span> <span class='ocrx_word' id='word_1_18' title='bbox 1100 515 1282 600; x_wconf 89' lang='lat' dir='ltr'><strong>placuisset.</strong></span> <span class='ocrx_word' id='word_1_19' title='bbox 1322 513 1402 577; x_wconf 91' lang='lat' dir='ltr'><strong>illud</strong></span> 
     </span>
     <span class='ocr_line' id='line_1_4' title="bbox 206 615 1401 704; baseline -0.005 -21"><span class='ocrx_word' id='word_1_20' title='bbox 206 622 303 684; x_wconf 87' lang='lat' dir='ltr'><strong>etiam</strong></span> <span class='ocrx_word' id='word_1_21' title='bbox 318 620 397 684; x_wconf 90' lang='lat' dir='ltr'><strong>mihi</strong></span> <span class='ocrx_word' id='word_1_22' title='bbox 419 620 593 704; x_wconf 90' lang='lat' dir='ltr'><strong>permirum</strong></span> <span class='ocrx_word' id='word_1_23' title='bbox 607 620 775 691; x_wconf 86' lang='lat' dir='ltr'><strong>videbatur</strong></span> <span class='ocrx_word' id='word_1_24' title='bbox 796 642 867 683; x_wconf 90' lang='lat' dir='ltr'><strong>eum</strong></span> <span class='ocrx_word' id='word_1_25' title='bbox 888 619 1016 703; x_wconf 91' lang='lat' dir='ltr'><strong>quidem</strong></span> <span class='ocrx_word' id='word_1_26' title='bbox 1031 617 1086 702; x_wconf 92' lang='lat' dir='ltr'><strong>qui</strong></span> <span class='ocrx_word' id='word_1_27' title='bbox 1108 617 1240 682; x_wconf 92' lang='lat' dir='ltr'><strong>libertos</strong></span> <span class='ocrx_word' id='word_1_28' title='bbox 1255 615 1401 700; x_wconf 85' lang='lat' dir='ltr'><strong>relegan-</strong></span> 
     </span>
     <span class='ocr_line' id='line_1_5' title="bbox 207 716 1401 805; baseline -0.005 -20"><span class='ocrx_word' id='word_1_29' title='bbox 207 723 281 805; x_wconf 90' lang='lat' dir='ltr'><strong>dos,</strong></span> <span class='ocrx_word' id='word_1_30' title='bbox 306 743 413 786; x_wconf 87' lang='lat' dir='ltr'><strong>servos</strong></span> <span class='ocrx_word' id='word_1_31' title='bbox 434 722 591 805; x_wconf 84' lang='lat' dir='ltr'><strong>supplicio</strong></span> <span class='ocrx_word' id='word_1_32' title='bbox 607 721 800 786; x_wconf 76' lang='lat' dir='ltr'><strong>adficiendus</strong></span> <span class='ocrx_word' id='word_1_33' title='bbox 822 721 998 785; x_wconf 84' lang='lat' dir='ltr'><strong>censuisset</strong></span> <span class='ocrx_word' id='word_1_34' title='bbox 1015 722 1161 784; x_wconf 88' lang='lat' dir='ltr'><strong>coactum</strong></span> <span class='ocrx_word' id='word_1_35' title='bbox 1177 739 1245 783; x_wconf 90' lang='lat' dir='ltr'><strong>esse</strong></span> <span class='ocrx_word' id='word_1_36' title='bbox 1260 716 1401 781; x_wconf 90' lang='lat' dir='ltr'><strong>dividere</strong></span> 
     </span>
     <span class='ocr_line' id='line_1_6' title="bbox 207 817 1428 908; baseline -0.005 -22"><span class='ocrx_word' id='word_1_37' title='bbox 207 824 419 906; x_wconf 75' lang='lat' dir='ltr'><strong>sententiam,</strong></span> <span class='ocrx_word' id='word_1_38' title='bbox 449 822 536 886; x_wconf 90' lang='lat' dir='ltr'><strong>hunc</strong></span> <span class='ocrx_word' id='word_1_39' title='bbox 558 826 665 886; x_wconf 88' lang='lat' dir='ltr'><strong>autem</strong></span> <span class='ocrx_word' id='word_1_40' title='bbox 686 823 741 908; x_wconf 93' lang='lat' dir='ltr'><strong>qui</strong></span> <span class='ocrx_word' id='word_1_41' title='bbox 762 823 894 887; x_wconf 92' lang='lat' dir='ltr'><strong>libertos</strong></span> <span class='ocrx_word' id='word_1_42' title='bbox 916 825 1018 886; x_wconf 92' lang='lat' dir='ltr'><strong>morte</strong></span> <span class='ocrx_word' id='word_1_43' title='bbox 1040 820 1192 884; x_wconf 88' lang='lat' dir='ltr'><strong>multaret</strong></span> <span class='ocrx_word' id='word_1_44' title='bbox 1223 841 1295 882; x_wconf 91' lang='lat' dir='ltr'><strong>oum</strong></span> <span class='ocrx_word' id='word_1_45' title='bbox 1323 817 1428 881; x_wconf 73' lang='lat' dir='ltr'><strong>releo</strong></span> 
     </span>
     <span class='ocr_line' id='line_1_7' title="bbox 207 920 1403 1008; baseline -0.006 -20"><span class='ocrx_word' id='word_1_46' title='bbox 207 928 306 1008; x_wconf 82' lang='lat' dir='ltr'><strong>gente</strong></span> <span class='ocrx_word' id='word_1_47' title='bbox 321 925 493 989; x_wconf 88' lang='lat' dir='ltr'><strong>numerari.</strong></span> <span class='ocrx_word' id='word_1_48' title='bbox 528 947 602 988; x_wconf 87' lang='lat' dir='ltr'><strong>nam</strong></span> <span class='ocrx_word' id='word_1_49' title='bbox 618 925 645 989; x_wconf 91' lang='lat' dir='ltr'><strong>si</strong></span> <span class='ocrx_word' id='word_1_50' title='bbox 666 926 860 1008; x_wconf 76' lang='lat' dir='ltr'><strong>oportuisset</strong></span> <span class='ocrx_word' id='word_1_51' title='bbox 874 924 970 988; x_wconf 86' lang='lat' dir='ltr'><strong>dividi</strong></span> <span class='ocrx_word' id='word_1_52' title='bbox 987 923 1182 988; x_wconf 84' lang='lat' dir='ltr'><strong>sententiam</strong></span> <span class='ocrx_word' id='word_1_53' title='bbox 1196 921 1302 1003; x_wconf 90' lang='lat' dir='ltr'><strong>unius,</strong></span> <span class='ocrx_word' id='word_1_54' title='bbox 1326 920 1403 1004; x_wconf 87' lang='lat' dir='ltr'><strong>quia</strong></span> 
     </span>
     <span class='ocr_line' id='line_1_8' title="bbox 206 1024 1403 1112; baseline -0.003 -23"><span class='ocrx_word' id='word_1_55' title='bbox 206 1048 256 1090; x_wconf 90' lang='lat' dir='ltr'><strong>res</strong></span> <span class='ocrx_word' id='word_1_56' title='bbox 272 1027 351 1090; x_wconf 87' lang='lat' dir='ltr'><strong>duas</strong></span> <span class='ocrx_word' id='word_1_57' title='bbox 368 1027 668 1111; x_wconf 80' lang='lat' dir='ltr'><strong>comprehendebat,</strong></span> <span class='ocrx_word' id='word_1_58' title='bbox 692 1049 758 1091; x_wconf 87' lang='lat' dir='ltr'><strong>non</strong></span> <span class='ocrx_word' id='word_1_59' title='bbox 772 1028 970 1112; x_wconf 82' lang='lat' dir='ltr'><strong>reperiebam</strong></span> <span class='ocrx_word' id='word_1_60' title='bbox 985 1048 1079 1111; x_wconf 91' lang='lat' dir='ltr'><strong>quem</strong></span> <span class='ocrx_word' id='word_1_61' title='bbox 1094 1025 1135 1088; x_wconf 92' lang='lat' dir='ltr'><strong>ad</strong></span> <span class='ocrx_word' id='word_1_62' title='bbox 1149 1024 1277 1088; x_wconf 88' lang='lat' dir='ltr'><strong>modurn</strong></span> <span class='ocrx_word' id='word_1_63' title='bbox 1293 1024 1403 1107; x_wconf 90' lang='lat' dir='ltr'><strong>posset</strong></span> 
     </span>
     <span class='ocr_line' id='line_1_9' title="bbox 158 1126 1402 1212; baseline -0.006 -18"><span class='ocrx_word' id='word_1_64' title='bbox 158 1128 296 1212; x_wconf 80' lang='lat' dir='ltr'><strong>lbiungi</strong></span> <span class='ocrx_word' id='word_1_65' title='bbox 319 1129 480 1192; x_wconf 90' lang='lat' dir='ltr'><strong>sententia</strong></span> <span class='ocrx_word' id='word_1_66' title='bbox 496 1128 629 1192; x_wconf 88' lang='lat' dir='ltr'><strong>duorum</strong></span> <span class='ocrx_word' id='word_1_67' title='bbox 652 1132 719 1192; x_wconf 88' lang='lat' dir='ltr'><strong>tam</strong></span> <span class='ocrx_word' id='word_1_68' title='bbox 734 1128 858 1193; x_wconf 89' lang='lat' dir='ltr'><strong>diversa</strong></span> <span class='ocrx_word' id='word_1_69' title='bbox 874 1129 1083 1193; x_wconf 89' lang='lat' dir='ltr'><strong>censentium.</strong></span> <span class='ocrx_word' id='word_1_70' title='bbox 1118 1129 1215 1211; x_wconf 89' lang='lat' dir='ltr'><strong>atque</strong></span> <span class='ocrx_word' id='word_1_71' title='bbox 1237 1126 1316 1189; x_wconf 90' lang='lat' dir='ltr'><strong>adeo</strong></span> <span class='ocrx_word' id='word_1_72' title='bbox 1330 1146 1402 1207; x_wconf 91' lang='lat' dir='ltr'><strong>per-</strong></span> 
     </span>
     <span class='ocr_line' id='line_1_10' title="bbox 206 1229 1401 1313; baseline -0.002 -22"><span class='ocrx_word' id='word_1_73' title='bbox 206 1230 297 1292; x_wconf 87' lang='lat' dir='ltr'><strong>mitte</strong></span> <span class='ocrx_word' id='word_1_74' title='bbox 320 1229 399 1293; x_wconf 89' lang='lat' dir='ltr'><strong>mihi</strong></span> <span class='ocrx_word' id='word_1_75' title='bbox 429 1231 475 1294; x_wconf 92' lang='lat' dir='ltr'><strong>sic</strong></span> <span class='ocrx_word' id='word_1_76' title='bbox 498 1231 582 1313; x_wconf 89' lang='lat' dir='ltr'><strong>apud</strong></span> <span class='ocrx_word' id='word_1_77' title='bbox 609 1233 642 1293; x_wconf 89' lang='lat' dir='ltr'><strong>te</strong></span> <span class='ocrx_word' id='word_1_78' title='bbox 669 1233 834 1313; x_wconf 87' lang='lat' dir='ltr'><strong>tamquam</strong></span> <span class='ocrx_word' id='word_1_79' title='bbox 863 1231 925 1311; x_wconf 91' lang='lat' dir='ltr'><strong>ibi,</strong></span> <span class='ocrx_word' id='word_1_80' title='bbox 956 1230 1004 1292; x_wconf 89' lang='lat' dir='ltr'><strong>sic</strong></span> <span class='ocrx_word' id='word_1_81' title='bbox 1024 1231 1156 1312; x_wconf 86' lang='lat' dir='ltr'><strong>peracta</strong></span> <span class='ocrx_word' id='word_1_82' title='bbox 1177 1248 1212 1290; x_wconf 90' lang='lat' dir='ltr'><strong>re</strong></span> <span class='ocrx_word' id='word_1_83' title='bbox 1234 1230 1401 1310; x_wconf 86' lang='lat' dir='ltr'><strong>tamquam</strong></span> 
     </span>
     <span class='ocr_line' id='line_1_11' title="bbox 206 1326 1440 1415; baseline -0.002 -23"><span class='ocrx_word' id='word_1_84' title='bbox 206 1329 310 1393; x_wconf 91' lang='lat' dir='ltr'><strong>adhuc</strong></span> <span class='ocrx_word' id='word_1_85' title='bbox 325 1331 463 1414; x_wconf 80' lang='lat' dir='ltr'><strong>integra,</strong></span> <span class='ocrx_word' id='word_1_86' title='bbox 480 1333 635 1395; x_wconf 88' lang='lat' dir='ltr'><strong>rationem</strong></span> <span class='ocrx_word' id='word_1_87' title='bbox 653 1331 761 1395; x_wconf 86' lang='lat' dir='ltr'><strong>iudicii</strong></span> <span class='ocrx_word' id='word_1_88' title='bbox 781 1333 844 1395; x_wconf 89' lang='lat' dir='ltr'><strong>mei</strong></span> <span class='ocrx_word' id='word_1_89' title='bbox 864 1332 995 1396; x_wconf 86' lang='lat' dir='ltr'><strong>reddere</strong></span> <span class='ocrx_word' id='word_1_90' title='bbox 1011 1332 1247 1415; x_wconf 80' lang='lat' dir='ltr'><strong>quaequetunc</strong></span> <span class='ocrx_word' id='word_1_91' title='bbox 1263 1326 1400 1411; x_wconf 90' lang='lat' dir='ltr'><strong>carptim</strong></span> <span class='ocrx_word' id='word_1_92' title='bbox 1416 1344 1440 1381; x_wconf 84' lang='lat'><strong>10</strong></span> 
     </span>
     <span class='ocr_line' id='line_1_12' title="bbox 159 1431 1401 1518; baseline -0.001 -25"><span class='ocrx_word' id='word_1_93' title='bbox 159 1431 314 1502; x_wconf 78' lang='grc'><strong>1711111111</strong></span> <span class='ocrx_word' id='word_1_94' title='bbox 347 1432 606 1517; x_wconf 84' lang='lat' dir='ltr'><strong>obstrepentibus</strong></span> <span class='ocrx_word' id='word_1_95' title='bbox 634 1433 699 1497; x_wconf 85' lang='lat' dir='ltr'><strong>dixi</strong></span> <span class='ocrx_word' id='word_1_96' title='bbox 732 1456 819 1497; x_wconf 91' lang='lat' dir='ltr'><strong>nunc</strong></span> <span class='ocrx_word' id='word_1_97' title='bbox 845 1455 903 1518; x_wconf 91' lang='lat' dir='ltr'><strong>per</strong></span> <span class='ocrx_word' id='word_1_98' title='bbox 929 1434 1030 1498; x_wconf 92' lang='lat' dir='ltr'><strong>otium</strong></span> <span class='ocrx_word' id='word_1_99' title='bbox 1057 1434 1199 1516; x_wconf 82' lang='lat' dir='ltr'><strong>iungere.</strong></span> <span class='ocrx_word' id='word_1_100' title='bbox 1239 1431 1401 1514; x_wconf 87' lang='lat' dir='ltr'><strong>fingamus</strong></span> 
     </span>
     <span class='ocr_line' id='line_1_13' title="bbox 206 1530 1452 1617; baseline -0.001 -21"><span class='ocrx_word' id='word_1_101' title='bbox 206 1538 271 1596; x_wconf 91' lang='lat' dir='ltr'><strong>tres</strong></span> <span class='ocrx_word' id='word_1_102' title='bbox 294 1535 425 1597; x_wconf 91' lang='lat' dir='ltr'><strong>omnino</strong></span> <span class='ocrx_word' id='word_1_103' title='bbox 447 1535 568 1599; x_wconf 87' lang='lat' dir='ltr'><strong>iudices</strong></span> <span class='ocrx_word' id='word_1_104' title='bbox 590 1536 625 1599; x_wconf 90' lang='lat' dir='ltr'><strong>in</strong></span> <span class='ocrx_word' id='word_1_105' title='bbox 647 1534 732 1598; x_wconf 87' lang='lat' dir='ltr'><strong>hanc</strong></span> <span class='ocrx_word' id='word_1_106' title='bbox 756 1556 883 1599; x_wconf 86' lang='lat' dir='ltr'><strong>oausam</strong></span> <span class='ocrx_word' id='word_1_107' title='bbox 898 1536 988 1599; x_wconf 89' lang='lat' dir='ltr'><strong>datos</strong></span> <span class='ocrx_word' id='word_1_108' title='bbox 1010 1556 1095 1617; x_wconf 90' lang='lat' dir='ltr'><strong>esse,</strong></span> <span class='ocrx_word' id='word_1_109' title='bbox 1118 1534 1231 1597; x_wconf 91' lang='lat' dir='ltr'><strong>horum</strong></span> <span class='ocrx_word' id='word_1_110' title='bbox 1253 1531 1310 1595; x_wconf 92' lang='lat' dir='ltr'><strong>uni</strong></span> <span class='ocrx_word' id='word_1_111' title='bbox 1333 1530 1401 1615; x_wconf 91' lang='lat' dir='ltr'><strong>pla·</strong></span> <span class='ocrx_word' id='word_1_112' title='bbox 1450 1538 1452 1544; x_wconf 83' lang='grc'><em>’</em></span> 
     </span>
     <span class='ocr_line' id='line_1_14' title="bbox 208 1634 1401 1721; baseline -0.002 -24"><span class='ocrx_word' id='word_1_113' title='bbox 208 1635 309 1698; x_wconf 89' lang='lat' dir='ltr'><strong>ouisse</strong></span> <span class='ocrx_word' id='word_1_114' title='bbox 337 1636 441 1719; x_wconf 90' lang='lat' dir='ltr'><strong>perire</strong></span> <span class='ocrx_word' id='word_1_115' title='bbox 466 1635 614 1717; x_wconf 88' lang='lat' dir='ltr'><strong>libertos,</strong></span> <span class='ocrx_word' id='word_1_116' title='bbox 646 1637 739 1700; x_wconf 90' lang='lat' dir='ltr'><strong>alteri</strong></span> <span class='ocrx_word' id='word_1_117' title='bbox 770 1637 924 1721; x_wconf 83' lang='lat' dir='ltr'><strong>relegari,</strong></span> <span class='ocrx_word' id='word_1_118' title='bbox 954 1637 1050 1700; x_wconf 90' lang='lat' dir='ltr'><strong>tertio</strong></span> <span class='ocrx_word' id='word_1_119' title='bbox 1078 1634 1211 1698; x_wconf 84' lang='lat' dir='ltr'><strong>absolvi.</strong></span> <span class='ocrx_word' id='word_1_120' title='bbox 1250 1637 1401 1696; x_wconf 89' lang='lat' dir='ltr'><strong>utrumne</strong></span> 
     </span>
     <span class='ocr_line' id='line_1_15' title="bbox 206 1737 1401 1821; baseline 0.001 -23"><span class='ocrx_word' id='word_1_121' title='bbox 206 1737 386 1799; x_wconf 86' lang='lat' dir='ltr'><strong>sententiae</strong></span> <span class='ocrx_word' id='word_1_122' title='bbox 407 1737 487 1801; x_wconf 90' lang='lat' dir='ltr'><strong>duae</strong></span> <span class='ocrx_word' id='word_1_123' title='bbox 511 1738 634 1802; x_wconf 88' lang='lat' dir='ltr'><strong>collatis</strong></span> <span class='ocrx_word' id='word_1_124' title='bbox 656 1739 776 1802; x_wconf 88' lang='lat' dir='ltr'><strong>viribus</strong></span> <span class='ocrx_word' id='word_1_125' title='bbox 803 1739 1010 1802; x_wconf 89' lang='lat' dir='ltr'><strong>novissimam</strong></span> <span class='ocrx_word' id='word_1_126' title='bbox 1037 1737 1211 1821; x_wconf 87' lang='lat' dir='ltr'><strong>periment,</strong></span> <span class='ocrx_word' id='word_1_127' title='bbox 1238 1759 1282 1799; x_wconf 91' lang='lat' dir='ltr'><strong>an</strong></span> <span class='ocrx_word' id='word_1_128' title='bbox 1310 1757 1401 1819; x_wconf 91' lang='lat' dir='ltr'><strong>sepa-</strong></span> 
     </span>
     <span class='ocr_line' id='line_1_16' title="bbox 206 1837 1438 1924; baseline 0 -24"><span class='ocrx_word' id='word_1_129' title='bbox 206 1838 301 1900; x_wconf 90' lang='lat' dir='ltr'><strong>ratim</strong></span> <span class='ocrx_word' id='word_1_130' title='bbox 322 1861 388 1903; x_wconf 89' lang='lat' dir='ltr'><strong>una</strong></span> <span class='ocrx_word' id='word_1_131' title='bbox 403 1861 546 1923; x_wconf 86' lang='lat' dir='ltr'><strong>quaeque</strong></span> <span class='ocrx_word' id='word_1_132' title='bbox 568 1841 759 1904; x_wconf 86' lang='lat' dir='ltr'><strong>tantundem</strong></span> <span class='ocrx_word' id='word_1_133' title='bbox 773 1843 928 1924; x_wconf 89' lang='lat' dir='ltr'><strong>quantum</strong></span> <span class='ocrx_word' id='word_1_134' title='bbox 945 1840 1048 1904; x_wconf 89' lang='lat' dir='ltr'><strong>altera</strong></span> <span class='ocrx_word' id='word_1_135' title='bbox 1061 1838 1197 1920; x_wconf 87' lang='lat' dir='ltr'><strong>valebit,</strong></span> <span class='ocrx_word' id='word_1_136' title='bbox 1220 1858 1281 1900; x_wconf 88' lang='lat' dir='ltr'><strong>neo</strong></span> <span class='ocrx_word' id='word_1_137' title='bbox 1295 1837 1401 1920; x_wconf 84' lang='lat' dir='ltr'><strong>magis</strong></span> <span class='ocrx_word' id='word_1_138' title='bbox 1414 1849 1438 1890; x_wconf 79' lang='lat'><strong>1⁵</strong></span> 
     </span>
     <span class='ocr_line' id='line_1_17' title="bbox 206 1937 1401 2025; baseline 0.002 -26"><span class='ocrx_word' id='word_1_139' title='bbox 206 1940 324 2020; x_wconf 88' lang='lat' dir='ltr'><strong>poterit</strong></span> <span class='ocrx_word' id='word_1_140' title='bbox 346 1961 418 2004; x_wconf 91' lang='lat' dir='ltr'><strong>cum</strong></span> <span class='ocrx_word' id='word_1_141' title='bbox 440 1940 580 2005; x_wconf 88' lang='lat' dir='ltr'><strong>secunda</strong></span> <span class='ocrx_word' id='word_1_142' title='bbox 601 1942 706 2024; x_wconf 90' lang='lat' dir='ltr'><strong>prima</strong></span> <span class='ocrx_word' id='word_1_143' title='bbox 729 1941 872 2025; x_wconf 88' lang='lat' dir='ltr'><strong>conecti,</strong></span> <span class='ocrx_word' id='word_1_144' title='bbox 901 1963 997 2025; x_wconf 88' lang='lat' dir='ltr'><strong>quam</strong></span> <span class='ocrx_word' id='word_1_145' title='bbox 1019 1939 1158 2004; x_wconf 87' lang='lat' dir='ltr'><strong>secunda</strong></span> <span class='ocrx_word' id='word_1_146' title='bbox 1182 1960 1253 2003; x_wconf 92' lang='lat' dir='ltr'><strong>cum</strong></span> <span class='ocrx_word' id='word_1_147' title='bbox 1281 1937 1401 2002; x_wconf 83' lang='lat' dir='ltr'><strong>tertia?</strong></span> 
     </span>
     <span class='ocr_line' id='line_1_18' title="bbox 158 2040 1401 2126; baseline 0 -24"><span class='ocrx_word' id='word_1_148' title='bbox 158 2047 196 2110; x_wconf 88' lang='lat'><strong>18</strong></span> <span class='ocrx_word' id='word_1_149' title='bbox 207 2041 306 2123; x_wconf 86' lang='lat' dir='ltr'><strong>igitur</strong></span> <span class='ocrx_word' id='word_1_150' title='bbox 333 2040 367 2102; x_wconf 91' lang='lat' dir='ltr'><strong>in</strong></span> <span class='ocrx_word' id='word_1_151' title='bbox 395 2044 508 2104; x_wconf 89' lang='lat' dir='ltr'><strong>senatu</strong></span> <span class='ocrx_word' id='word_1_152' title='bbox 535 2062 659 2125; x_wconf 89' lang='lat' dir='ltr'><strong>quoque</strong></span> <span class='ocrx_word' id='word_1_153' title='bbox 692 2042 853 2105; x_wconf 89' lang='lat' dir='ltr'><strong>numerari</strong></span> <span class='ocrx_word' id='word_1_154' title='bbox 880 2044 1046 2126; x_wconf 89' lang='lat' dir='ltr'><strong>tamquam</strong></span> <span class='ocrx_word' id='word_1_155' title='bbox 1074 2041 1253 2104; x_wconf 89' lang='lat' dir='ltr'><strong>contrariae</strong></span> <span class='ocrx_word' id='word_1_156' title='bbox 1282 2040 1401 2103; x_wconf 90' lang='lat' dir='ltr'><strong>debent</strong></span> 
     </span>
     <span class='ocr_line' id='line_1_19' title="bbox 206 2141 1401 2227; baseline 0.002 -24"><span class='ocrx_word' id='word_1_157' title='bbox 206 2162 286 2223; x_wconf 89' lang='lat' dir='ltr'><strong>quae</strong></span> <span class='ocrx_word' id='word_1_158' title='bbox 314 2146 478 2224; x_wconf 88' lang='lat' dir='ltr'><strong>tamquam</strong></span> <span class='ocrx_word' id='word_1_159' title='bbox 500 2142 642 2206; x_wconf 90' lang='lat' dir='ltr'><strong>diversae</strong></span> <span class='ocrx_word' id='word_1_160' title='bbox 671 2143 830 2207; x_wconf 86' lang='lat' dir='ltr'><strong>dicuntur.</strong></span> <span class='ocrx_word' id='word_1_161' title='bbox 886 2142 998 2227; x_wconf 89' lang='lat' dir='ltr'><strong>quodsi</strong></span> <span class='ocrx_word' id='word_1_162' title='bbox 1027 2164 1109 2206; x_wconf 90' lang='lat' dir='ltr'><strong>unus</strong></span> <span class='ocrx_word' id='word_1_163' title='bbox 1131 2145 1226 2226; x_wconf 90' lang='lat' dir='ltr'><strong>atque</strong></span> <span class='ocrx_word' id='word_1_164' title='bbox 1254 2141 1341 2205; x_wconf 89' lang='lat' dir='ltr'><strong>idern</strong></span> <span class='ocrx_word' id='word_1_165' title='bbox 1369 2144 1401 2205; x_wconf 91' lang='lat' dir='ltr'><strong>et</strong></span> 
     </span>
     <span class='ocr_line' id='line_1_20' title="bbox 206 2242 1401 2328; baseline 0 -23"><span class='ocrx_word' id='word_1_166' title='bbox 206 2242 383 2325; x_wconf 87' lang='lat' dir='ltr'><strong>perdendos</strong></span> <span class='ocrx_word' id='word_1_167' title='bbox 413 2246 556 2306; x_wconf 85' lang='lat' dir='ltr'><strong>censeret</strong></span> <span class='ocrx_word' id='word_1_168' title='bbox 583 2247 617 2307; x_wconf 90' lang='lat' dir='ltr'><strong>et</strong></span> <span class='ocrx_word' id='word_1_169' title='bbox 642 2243 848 2328; x_wconf 84' lang='lat' dir='ltr'><strong>relegandos,</strong></span> <span class='ocrx_word' id='word_1_170' title='bbox 880 2265 958 2307; x_wconf 90' lang='lat' dir='ltr'><strong>num</strong></span> <span class='ocrx_word' id='word_1_171' title='bbox 986 2264 1024 2306; x_wconf 89' lang='lat' dir='ltr'><strong>ex</strong></span> <span class='ocrx_word' id='word_1_172' title='bbox 1052 2243 1215 2307; x_wconf 89' lang='lat' dir='ltr'><strong>sententia</strong></span> <span class='ocrx_word' id='word_1_173' title='bbox 1242 2243 1339 2307; x_wconf 91' lang='lat' dir='ltr'><strong>unius</strong></span> <span class='ocrx_word' id='word_1_174' title='bbox 1368 2245 1401 2307; x_wconf 88' lang='lat' dir='ltr'><strong>et</strong></span> 
     </span>
     <span class='ocr_line' id='line_1_21' title="bbox 205 2343 1435 2429; baseline 0.001 -24"><span class='ocrx_word' id='word_1_175' title='bbox 205 2343 309 2426; x_wconf 88' lang='lat' dir='ltr'><strong>perire</strong></span> <span class='ocrx_word' id='word_1_176' title='bbox 330 2349 463 2426; x_wconf 86' lang='lat' dir='ltr'><strong>possent</strong></span> <span class='ocrx_word' id='word_1_177' title='bbox 484 2347 518 2408; x_wconf 94' lang='lat' dir='ltr'><strong>et</strong></span> <span class='ocrx_word' id='word_1_178' title='bbox 538 2344 700 2429; x_wconf 83' lang='lat' dir='ltr'><strong>relegari?</strong></span> <span class='ocrx_word' id='word_1_179' title='bbox 727 2368 805 2409; x_wconf 92' lang='lat' dir='ltr'><strong>num</strong></span> <span class='ocrx_word' id='word_1_180' title='bbox 827 2345 963 2429; x_wconf 89' lang='lat' dir='ltr'><strong>denique</strong></span> <span class='ocrx_word' id='word_1_181' title='bbox 985 2345 1117 2409; x_wconf 90' lang='lat' dir='ltr'><strong>omnino</strong></span> <span class='ocrx_word' id='word_1_182' title='bbox 1144 2367 1209 2409; x_wconf 90' lang='lat' dir='ltr'><strong>una</strong></span> <span class='ocrx_word' id='word_1_183' title='bbox 1237 2345 1435 2408; x_wconf 78' lang='lat' dir='ltr'><strong>sententia2⁰</strong></span> 
     </span>
     <span class='ocr_line' id='line_1_22' title="bbox 158 2445 1398 2531; baseline -0.002 -19"><span class='ocrx_word' id='word_1_184' title='bbox 158 2451 196 2514; x_wconf 83' lang='lat'><strong>19</strong></span> <span class='ocrx_word' id='word_1_185' title='bbox 206 2448 372 2528; x_wconf 86' lang='lat' dir='ltr'><strong>putaretur</strong></span> <span class='ocrx_word' id='word_1_186' title='bbox 387 2467 467 2528; x_wconf 87' lang='lat' dir='ltr'><strong>quae</strong></span> <span class='ocrx_word' id='word_1_187' title='bbox 489 2449 554 2508; x_wconf 89' lang='lat' dir='ltr'><strong>tam</strong></span> <span class='ocrx_word' id='word_1_188' title='bbox 579 2447 703 2510; x_wconf 87' lang='lat' dir='ltr'><strong>diversa</strong></span> <span class='ocrx_word' id='word_1_189' title='bbox 718 2446 950 2531; x_wconf 79' lang='lat' dir='ltr'><strong>coniungeret?</strong></span> <span class='ocrx_word' id='word_1_190' title='bbox 972 2468 1066 2531; x_wconf 90' lang='lat' dir='ltr'><strong>quem</strong></span> <span class='ocrx_word' id='word_1_191' title='bbox 1082 2445 1266 2510; x_wconf 89' lang='lat' dir='ltr'><strong>admodum</strong></span> <span class='ocrx_word' id='word_1_192' title='bbox 1288 2446 1398 2530; x_wconf 85' lang='lat' dir='ltr'><strong>igitur,</strong></span> 
     </span>
     <span class='ocr_line' id='line_1_23' title="bbox 207 2545 1399 2633; baseline 0.003 -26"><span class='ocrx_word' id='word_1_193' title='bbox 207 2567 278 2608; x_wconf 90' lang='lat' dir='ltr'><strong>oum</strong></span> <span class='ocrx_word' id='word_1_194' title='bbox 301 2545 382 2608; x_wconf 88' lang='lat' dir='ltr'><strong>alter</strong></span> <span class='ocrx_word' id='word_1_195' title='bbox 396 2547 591 2630; x_wconf 87' lang='lat' dir='ltr'><strong>puniendos,</strong></span> <span class='ocrx_word' id='word_1_196' title='bbox 616 2549 698 2611; x_wconf 84' lang='lat' dir='ltr'><strong>alter</strong></span> <span class='ocrx_word' id='word_1_197' title='bbox 714 2552 843 2613; x_wconf 87' lang='lat' dir='ltr'><strong>censeat</strong></span> <span class='ocrx_word' id='word_1_198' title='bbox 857 2548 1061 2633; x_wconf 84' lang='lat' dir='ltr'><strong>relegandos,</strong></span> <span class='ocrx_word' id='word_1_199' title='bbox 1084 2547 1184 2611; x_wconf 87' lang='lat' dir='ltr'><strong>videri</strong></span> <span class='ocrx_word' id='word_1_200' title='bbox 1205 2551 1314 2632; x_wconf 90' lang='lat' dir='ltr'><strong>potest</strong></span> <span class='ocrx_word' id='word_1_201' title='bbox 1335 2571 1399 2612; x_wconf 91' lang='lat' dir='ltr'><strong>uua</strong></span> 
     </span>
     <span class='ocr_line' id='line_1_24' title="bbox 206 2648 1399 2734; baseline 0.003 -24"><span class='ocrx_word' id='word_1_202' title='bbox 206 2648 382 2730; x_wconf 87' lang='lat' dir='ltr'><strong>sententia,</strong></span> <span class='ocrx_word' id='word_1_203' title='bbox 406 2648 480 2730; x_wconf 89' lang='lat' dir='ltr'><strong>quia</strong></span> <span class='ocrx_word' id='word_1_204' title='bbox 502 2649 619 2713; x_wconf 89' lang='lat' dir='ltr'><strong>dicitur</strong></span> <span class='ocrx_word' id='word_1_205' title='bbox 641 2650 813 2734; x_wconf 89' lang='lat' dir='ltr'><strong>aduobus,</strong></span> <span class='ocrx_word' id='word_1_206' title='bbox 837 2672 918 2734; x_wconf 90' lang='lat' dir='ltr'><strong>quae</strong></span> <span class='ocrx_word' id='word_1_207' title='bbox 932 2672 999 2714; x_wconf 90' lang='lat' dir='ltr'><strong>non</strong></span> <span class='ocrx_word' id='word_1_208' title='bbox 1020 2650 1181 2714; x_wconf 87' lang='lat' dir='ltr'><strong>videretur</strong></span> <span class='ocrx_word' id='word_1_209' title='bbox 1204 2673 1286 2734; x_wconf 89' lang='lat' dir='ltr'><strong>una,</strong></span> <span class='ocrx_word' id='word_1_210' title='bbox 1310 2651 1337 2714; x_wconf 92' lang='lat' dir='ltr'><strong>si</strong></span> <span class='ocrx_word' id='word_1_211' title='bbox 1360 2652 1399 2714; x_wconf 87' lang='lat' dir='ltr'><strong>ab</strong></span> 
     </span>
     <span class='ocr_line' id='line_1_25' title="bbox 205 2749 1399 2835; baseline 0.003 -23"><span class='ocrx_word' id='word_1_212' title='bbox 205 2772 269 2813; x_wconf 93' lang='lat' dir='ltr'><strong>uno</strong></span> <span class='ocrx_word' id='word_1_213' title='bbox 297 2749 479 2812; x_wconf 82' lang='lat' dir='ltr'><strong>diceretur?</strong></span> <span class='ocrx_word' id='word_1_214' title='bbox 505 2750 604 2833; x_wconf 81' lang='lat' dir='ltr'><strong>quid?</strong></span> <span class='ocrx_word' id='word_1_215' title='bbox 631 2750 683 2814; x_wconf 90' lang='lat' dir='ltr'><strong>lex</strong></span> <span class='ocrx_word' id='word_1_216' title='bbox 710 2773 777 2814; x_wconf 88' lang='lat' dir='ltr'><strong>non</strong></span> <span class='ocrx_word' id='word_1_217' title='bbox 806 2755 915 2835; x_wconf 90' lang='lat' dir='ltr'><strong>aperte</strong></span> <span class='ocrx_word' id='word_1_218' title='bbox 943 2752 1036 2815; x_wconf 90' lang='lat' dir='ltr'><strong>docet</strong></span> <span class='ocrx_word' id='word_1_219' title='bbox 1057 2751 1162 2815; x_wconf 89' lang='lat' dir='ltr'><strong>dirimi</strong></span> <span class='ocrx_word' id='word_1_220' title='bbox 1192 2752 1308 2815; x_wconf 89' lang='lat' dir='ltr'><strong>debere</strong></span> <span class='ocrx_word' id='word_1_221' title='bbox 1330 2774 1399 2816; x_wconf 89' lang='lat' dir='ltr'><strong>sen·</strong></span> 
     </span>
     <span class='ocr_line' id='line_1_26' title="bbox 206 2851 1432 2936; baseline 0.004 -23"><span class='ocrx_word' id='word_1_222' title='bbox 206 2851 325 2914; x_wconf 87' lang='lat' dir='ltr'><strong>tentias</strong></span> <span class='ocrx_word' id='word_1_223' title='bbox 347 2851 522 2914; x_wconf 89' lang='lat' dir='ltr'><strong>occidentis</strong></span> <span class='ocrx_word' id='word_1_224' title='bbox 539 2854 571 2914; x_wconf 91' lang='lat' dir='ltr'><strong>et</strong></span> <span class='ocrx_word' id='word_1_225' title='bbox 592 2853 783 2936; x_wconf 81' lang='lat' dir='ltr'><strong>relegentis,</strong></span> <span class='ocrx_word' id='word_1_226' title='bbox 806 2875 878 2917; x_wconf 91' lang='lat' dir='ltr'><strong>cum</strong></span> <span class='ocrx_word' id='word_1_227' title='bbox 899 2855 946 2917; x_wconf 90' lang='lat' dir='ltr'><strong>ita</strong></span> <span class='ocrx_word' id='word_1_228' title='bbox 967 2853 1192 2918; x_wconf 87' lang='lat' dir='ltr'><strong>discessionem</strong></span> <span class='ocrx_word' id='word_1_229' title='bbox 1207 2852 1275 2917; x_wconf 90' lang='lat' dir='ltr'><strong>fieri</strong></span> <span class='ocrx_word' id='word_1_230' title='bbox 1298 2853 1397 2934; x_wconf 90' lang='lat' dir='ltr'><strong>iubet,</strong></span> <span class='ocrx_word' id='word_1_231' title='bbox 1410 2865 1432 2904; x_wconf 78' lang='lat'><strong>²5</strong></span> 
     </span>
     <span class='ocr_line' id='line_1_27' title="bbox 206 2944 1399 3039; baseline 0.004 -25"><span class='ocrx_word' id='word_1_232' title='bbox 206 2953 272 3035; x_wconf 70' lang='lat' dir='ltr'><strong>‘qui</strong></span> <span class='ocrx_word' id='word_1_233' title='bbox 300 2952 379 3016; x_wconf 89' lang='lat' dir='ltr'><strong>haee</strong></span> <span class='ocrx_word' id='word_1_234' title='bbox 407 2953 551 3035; x_wconf 88' lang='lat' dir='ltr'><strong>sentitis,</strong></span> <span class='ocrx_word' id='word_1_235' title='bbox 581 2954 615 3016; x_wconf 93' lang='lat' dir='ltr'><strong>in</strong></span> <span class='ocrx_word' id='word_1_236' title='bbox 641 2955 726 3018; x_wconf 87' lang='lat' dir='ltr'><strong>hanc</strong></span> <span class='ocrx_word' id='word_1_237' title='bbox 752 2959 893 3038; x_wconf 90' lang='lat' dir='ltr'><strong>partem,</strong></span> <span class='ocrx_word' id='word_1_238' title='bbox 922 2954 978 3039; x_wconf 93' lang='lat' dir='ltr'><strong>qui</strong></span> <span class='ocrx_word' id='word_1_239' title='bbox 1004 2955 1069 3027; x_wconf 85' lang='lat' dir='ltr'><strong>alia</strong></span> <span class='ocrx_word' id='word_1_240' title='bbox 1095 2955 1219 3039; x_wconf 89' lang='lat' dir='ltr'><strong>omnia,</strong></span> <span class='ocrx_word' id='word_1_241' title='bbox 1249 2944 1284 3019; x_wconf 80' lang='lat' dir='ltr'><strong>ir&#39;r</strong></span> <span class='ocrx_word' id='word_1_242' title='bbox 1311 2955 1399 3019; x_wconf 89' lang='lat' dir='ltr'><strong>illam</strong></span> 
     </span>
     <span class='ocr_line' id='line_1_28' title="bbox 206 3054 1398 3141; baseline 0.006 -26"><span class='ocrx_word' id='word_1_243' title='bbox 206 3056 330 3135; x_wconf 88' lang='lat' dir='ltr'><strong>partem</strong></span> <span class='ocrx_word' id='word_1_244' title='bbox 356 3054 416 3137; x_wconf 89' lang='lat' dir='ltr'><strong>ite,</strong></span> <span class='ocrx_word' id='word_1_245' title='bbox 447 3076 508 3137; x_wconf 90' lang='lat' dir='ltr'><strong>qua</strong></span> <span class='ocrx_word' id='word_1_246' title='bbox 536 3055 699 3120; x_wconf 83' lang='lat' dir='ltr'><strong>sentitis&#39;?</strong></span> <span class='ocrx_word' id='word_1_247' title='bbox 729 3056 876 3133; x_wconf 84' lang='lat' dir='ltr'><strong>examina</strong></span> <span class='ocrx_word' id='word_1_248' title='bbox 903 3056 1032 3140; x_wconf 83' lang='lat' dir='ltr'><strong>singula</strong></span> <span class='ocrx_word' id='word_1_249' title='bbox 1059 3057 1157 3121; x_wconf 87' lang='lat' dir='ltr'><strong>verba</strong></span> <span class='ocrx_word' id='word_1_250' title='bbox 1184 3060 1218 3121; x_wconf 90' lang='grc'><strong>11</strong></span> <span class='ocrx_word' id='word_1_251' title='bbox 1240 3058 1398 3141; x_wconf 87' lang='lat' dir='ltr'><strong>expende:</strong></span> 
     </span>
     <span class='ocr_line' id='line_1_29' title="bbox 207 3154 1399 3244; baseline 0.005 -27"><span class='ocrx_word' id='word_1_252' title='bbox 207 3155 273 3237; x_wconf 73' lang='lat' dir='ltr'><strong>‘qui</strong></span> <span class='ocrx_word' id='word_1_253' title='bbox 294 3154 374 3219; x_wconf 87' lang='lat' dir='ltr'><strong>haec</strong></span> <span class='ocrx_word' id='word_1_254' title='bbox 397 3156 548 3239; x_wconf 90' lang='lat' dir='ltr'><strong>sentitis&#39;,</strong></span> <span class='ocrx_word' id='word_1_255' title='bbox 572 3156 633 3220; x_wconf 88' lang='lat' dir='ltr'><strong>hoo</strong></span> <span class='ocrx_word' id='word_1_256' title='bbox 648 3160 697 3221; x_wconf 88' lang='lat' dir='ltr'><strong>est</strong></span> <span class='ocrx_word' id='word_1_257' title='bbox 718 3158 773 3241; x_wconf 91' lang='lat' dir='ltr'><strong>qui</strong></span> <span class='ocrx_word' id='word_1_258' title='bbox 795 3157 985 3242; x_wconf 84' lang='lat' dir='ltr'><strong>relegandos</strong></span> <span class='ocrx_word' id='word_1_259' title='bbox 1000 3156 1135 3241; x_wconf 88' lang='lat' dir='ltr'><strong>putatis:</strong></span> <span class='ocrx_word' id='word_1_260' title='bbox 1157 3158 1306 3223; x_wconf 49' lang='grc' dir='ltr'><strong>ρ1111111111</strong></span> <span class='ocrx_word' id='word_1_261' title='bbox 1327 3182 1399 3244; x_wconf 86' lang='lat' dir='ltr'><strong>par·</strong></span> 
     </span>
     <span class='ocr_line' id='line_1_30' title="bbox 154 3256 1399 3345; baseline 0.007 -29"><span class='ocrx_word' id='word_1_262' title='bbox 154 3259 292 3338; x_wconf 52' lang='grc'><strong>2011113</strong></span> <span class='ocrx_word' id='word_1_263' title='bbox 313 3256 346 3319; x_wconf 88' lang='lat' dir='ltr'><strong>id</strong></span> <span class='ocrx_word' id='word_1_264' title='bbox 369 3260 418 3320; x_wconf 90' lang='lat' dir='ltr'><strong>est</strong></span> <span class='ocrx_word' id='word_1_265' title='bbox 439 3257 474 3321; x_wconf 91' lang='grc'><strong>111</strong></span> <span class='ocrx_word' id='word_1_266' title='bbox 497 3280 567 3321; x_wconf 85' lang='lat' dir='ltr'><strong>eam</strong></span> <span class='ocrx_word' id='word_1_267' title='bbox 589 3259 624 3321; x_wconf 92' lang='lat' dir='ltr'><strong>in</strong></span> <span class='ocrx_word' id='word_1_268' title='bbox 639 3280 701 3342; x_wconf 91' lang='lat' dir='ltr'><strong>qua</strong></span> <span class='ocrx_word' id='word_1_269' title='bbox 722 3257 813 3323; x_wconf 89' lang='lat' dir='ltr'><strong>sedet</strong></span> <span class='ocrx_word' id='word_1_270' title='bbox 833 3259 887 3342; x_wconf 93' lang='lat' dir='ltr'><strong>qui</strong></span> <span class='ocrx_word' id='word_1_271' title='bbox 911 3259 1035 3323; x_wconf 88' lang='lat' dir='ltr'><strong>censuit</strong></span> <span class='ocrx_word' id='word_1_272' title='bbox 1049 3258 1249 3343; x_wconf 86' lang='lat' dir='ltr'><strong>relegandos.</strong></span> <span class='ocrx_word' id='word_1_273' title='bbox 1284 3282 1323 3324; x_wconf 83' lang='lat' dir='ltr'><strong>ex</strong></span> <span class='ocrx_word' id='word_1_274' title='bbox 1338 3283 1399 3345; x_wconf 93' lang='lat' dir='ltr'><strong>quo</strong></span> 
     </span>
     <span class='ocr_line' id='line_1_31' title="bbox 206 3344 1432 3445; baseline 0.005 -26"><span class='ocrx_word' id='word_1_275' title='bbox 206 3344 411 3421; x_wconf 88' lang='lat' dir='ltr'><strong>manifestum</strong></span> <span class='ocrx_word' id='word_1_276' title='bbox 432 3361 562 3423; x_wconf 89' lang='lat' dir='ltr'><strong>estnon</strong></span> <span class='ocrx_word' id='word_1_277' title='bbox 576 3381 669 3442; x_wconf 89' lang='lat' dir='ltr'><strong>posse</strong></span> <span class='ocrx_word' id='word_1_278' title='bbox 690 3360 725 3424; x_wconf 90' lang='lat' dir='ltr'><strong>in</strong></span> <span class='ocrx_word' id='word_1_279' title='bbox 746 3361 856 3425; x_wconf 88' lang='lat' dir='ltr'><strong>eadem</strong></span> <span class='ocrx_word' id='word_1_280' title='bbox 870 3364 961 3445; x_wconf 88' lang='lat' dir='ltr'><strong>parte</strong></span> <span class='ocrx_word' id='word_1_281' title='bbox 976 3382 1141 3425; x_wconf 88' lang='lat' dir='ltr'><strong>remanere</strong></span> <span class='ocrx_word' id='word_1_282' title='bbox 1156 3382 1209 3425; x_wconf 92' lang='lat' dir='ltr'><strong>eos</strong></span> <span class='ocrx_word' id='word_1_283' title='bbox 1224 3363 1280 3445; x_wconf 92' lang='lat' dir='ltr'><strong>qui</strong></span> <span class='ocrx_word' id='word_1_284' title='bbox 1301 3363 1399 3427; x_wconf 89' lang='lat' dir='ltr'><strong>inter·</strong></span> <span class='ocrx_word' id='word_1_285' title='bbox 1410 3376 1432 3414; x_wconf 75' lang='lat'><strong>³⁰</strong></span> 
     </span>
     <span class='ocr_line' id='line_1_32' title="bbox 205 3458 1400 3546; baseline 0.007 -27"><span class='ocrx_word' id='word_1_286' title='bbox 205 3458 357 3523; x_wconf 88' lang='lat' dir='ltr'><strong>ficiendos</strong></span> <span class='ocrx_word' id='word_1_287' title='bbox 386 3460 594 3525; x_wconf 87' lang='lat' dir='ltr'><strong>arbitrantur.</strong></span> <span class='ocrx_word' id='word_1_288' title='bbox 635 3463 701 3546; x_wconf 86' lang='lat' dir='ltr'><strong>‘qui</strong></span> <span class='ocrx_word' id='word_1_289' title='bbox 729 3462 793 3525; x_wconf 84' lang='lat' dir='ltr'><strong>alia</strong></span> <span class='ocrx_word' id='word_1_290' title='bbox 820 3463 958 3527; x_wconf 87' lang='lat' dir='ltr'><strong>omnia&#39;:</strong></span> <span class='ocrx_word' id='word_1_291' title='bbox 995 3462 1239 3546; x_wconf 86' lang='lat' dir='ltr'><strong>animadvertis,</strong></span> <span class='ocrx_word' id='word_1_292' title='bbox 1269 3467 1306 3527; x_wconf 92' lang='lat' dir='ltr'><strong>ut</strong></span> <span class='ocrx_word' id='word_1_293' title='bbox 1334 3487 1400 3528; x_wconf 91' lang='lat' dir='ltr'><strong>non</strong></span> 
     </span>
     <span class='ocr_line' id='line_1_33' title="bbox 207 3560 1400 3648; baseline 0.007 -26"><span class='ocrx_word' id='word_1_294' title='bbox 207 3562 359 3623; x_wconf 84' lang='lat' dir='ltr'><strong>contenta</strong></span> <span class='ocrx_word' id='word_1_295' title='bbox 380 3560 432 3624; x_wconf 88' lang='lat' dir='ltr'><strong>lex</strong></span> <span class='ocrx_word' id='word_1_296' title='bbox 454 3561 558 3626; x_wconf 90' lang='lat' dir='ltr'><strong>dicere</strong></span> <span class='ocrx_word' id='word_1_297' title='bbox 581 3563 669 3627; x_wconf 75' lang='lat' dir='ltr'><strong>‘alia&#39;</strong></span> <span class='ocrx_word' id='word_1_298' title='bbox 699 3564 857 3628; x_wconf 85' lang='lat' dir='ltr'><strong>addiderit</strong></span> <span class='ocrx_word' id='word_1_299' title='bbox 883 3565 1025 3629; x_wconf 80' lang='lat' dir='ltr'><strong>‘omnia&#39;.</strong></span> <span class='ocrx_word' id='word_1_300' title='bbox 1059 3587 1137 3629; x_wconf 91' lang='lat' dir='ltr'><strong>num</strong></span> <span class='ocrx_word' id='word_1_301' title='bbox 1164 3585 1241 3648; x_wconf 86' lang='lat' dir='ltr'><strong>ergo</strong></span> <span class='ocrx_word' id='word_1_302' title='bbox 1268 3565 1400 3630; x_wconf 88' lang='lat' dir='ltr'><strong>dubium</strong></span> 
     </span>
     <span class='ocr_line' id='line_1_34' title="bbox 206 3662 1400 3752; baseline 0.006 -28"><span class='ocrx_word' id='word_1_303' title='bbox 206 3665 256 3725; x_wconf 88' lang='lat' dir='ltr'><strong>est</strong></span> <span class='ocrx_word' id='word_1_304' title='bbox 277 3662 341 3726; x_wconf 87' lang='lat' dir='ltr'><strong>alia</strong></span> <span class='ocrx_word' id='word_1_305' title='bbox 362 3663 471 3726; x_wconf 90' lang='lat' dir='ltr'><strong>omnia</strong></span> <span class='ocrx_word' id='word_1_306' title='bbox 493 3664 612 3727; x_wconf 85' lang='lat' dir='ltr'><strong>sentire</strong></span> <span class='ocrx_word' id='word_1_307' title='bbox 634 3686 687 3729; x_wconf 90' lang='lat' dir='ltr'><strong>ecs</strong></span> <span class='ocrx_word' id='word_1_308' title='bbox 710 3666 764 3751; x_wconf 92' lang='lat' dir='ltr'><strong>qui</strong></span> <span class='ocrx_word' id='word_1_309' title='bbox 786 3666 937 3730; x_wconf 89' lang='lat' dir='ltr'><strong>occidunt</strong></span> <span class='ocrx_word' id='word_1_310' title='bbox 958 3689 1054 3752; x_wconf 88' lang='lat' dir='ltr'><strong>quarn</strong></span> <span class='ocrx_word' id='word_1_311' title='bbox 1076 3667 1132 3752; x_wconf 90' lang='lat' dir='ltr'><strong>qui</strong></span> <span class='ocrx_word' id='word_1_312' title='bbox 1153 3666 1325 3751; x_wconf 74' lang='lat' dir='ltr'><strong>relegant?</strong></span> <span class='ocrx_word' id='word_1_313' title='bbox 1353 3667 1400 3732; x_wconf 80' lang='lat' dir='ltr'><strong>‘in</strong></span> 
     </span>
     <span class='ocr_line' id='line_1_35' title="bbox 205 3763 1399 3855; baseline 0.008 -30"><span class='ocrx_word' id='word_1_314' title='bbox 205 3763 294 3826; x_wconf 88' lang='lat' dir='ltr'><strong>illam</strong></span> <span class='ocrx_word' id='word_1_315' title='bbox 316 3767 442 3847; x_wconf 90' lang='lat' dir='ltr'><strong>partem</strong></span> <span class='ocrx_word' id='word_1_316' title='bbox 464 3765 525 3846; x_wconf 87' lang='lat' dir='ltr'><strong>ite,</strong></span> <span class='ocrx_word' id='word_1_317' title='bbox 554 3787 617 3850; x_wconf 90' lang='lat' dir='ltr'><strong>qua</strong></span> <span class='ocrx_word' id='word_1_318' title='bbox 640 3767 795 3832; x_wconf 89' lang='lat' dir='ltr'><strong>sentitis&#39;:</strong></span> <span class='ocrx_word' id='word_1_319' title='bbox 823 3791 931 3831; x_wconf 91' lang='lat' dir='ltr'><strong>nonne</strong></span> <span class='ocrx_word' id='word_1_320' title='bbox 952 3769 1077 3833; x_wconf 86' lang='lat' dir='ltr'><strong>videtur</strong></span> <span class='ocrx_word' id='word_1_321' title='bbox 1102 3770 1173 3853; x_wconf 89' lang='lat' dir='ltr'><strong>ipsa</strong></span> <span class='ocrx_word' id='word_1_322' title='bbox 1194 3768 1246 3833; x_wconf 87' lang='lat' dir='ltr'><strong>lex</strong></span> <span class='ocrx_word' id='word_1_323' title='bbox 1269 3791 1322 3833; x_wconf 90' lang='lat' dir='ltr'><strong>eos</strong></span> <span class='ocrx_word' id='word_1_324' title='bbox 1346 3771 1399 3855; x_wconf 91' lang='lat' dir='ltr'><strong>qui</strong></span> 
     </span>
    </p>
   </div>
   <div class='ocr_carea' id='block_1_3' title="bbox 205 4106 1400 4583">
    <p class='ocr_par' dir='ltr' id='par_1_3' title="bbox 205 4106 1400 4583">
     <span class='ocr_line' id='line_1_36' title="bbox 277 4106 1400 4176; baseline 0.006 -22"><span class='ocrx_word' id='word_1_325' title='bbox 277 4108 289 4154; x_wconf 91' lang='lat' dir='ltr'><strong>l</strong></span> <span class='ocrx_word' id='word_1_326' title='bbox 309 4106 452 4170; x_wconf 90' lang='lat' dir='ltr'><strong>paruolum</strong></span> <span class='ocrx_word' id='word_1_327' title='bbox 469 4110 496 4157; x_wconf 74' lang='lat' dir='ltr'>H</span> <span class='ocrx_word' id='word_1_328' title='bbox 564 4113 580 4160; x_wconf 85' lang='lat'><strong>3</strong></span> <span class='ocrx_word' id='word_1_329' title='bbox 598 4111 746 4175; x_wconf 88' lang='lat' dir='ltr'><strong>permirum</strong></span> <span class='ocrx_word' id='word_1_330' title='bbox 765 4110 830 4159; x_wconf 86' lang='lat' dir='ltr'><strong>mihi</strong></span> <span class='ocrx_word' id='word_1_331' title='bbox 852 4110 974 4161; x_wconf 78' lang='lat' dir='ltr'><strong>Budaeus</strong></span> <span class='ocrx_word' id='word_1_332' title='bbox 1044 4111 1268 4176; x_wconf 70' lang='lat' dir='ltr'><strong>irepperiebam</strong></span> <span class='ocrx_word' id='word_1_333' title='bbox 1286 4113 1314 4159; x_wconf 75' lang='grc' dir='ltr'>Η</span> <span class='ocrx_word' id='word_1_334' title='bbox 1383 4110 1400 4161; x_wconf 89' lang='grc'><strong>8</strong></span> 
     </span>
     <span class='ocr_line' id='line_1_37' title="bbox 207 4174 1399 4241; baseline 0.005 -18"><span class='ocrx_word' id='word_1_335' title='bbox 207 4174 296 4238; x_wconf 89' lang='lat' dir='ltr'><strong>adque</strong></span> <span class='ocrx_word' id='word_1_336' title='bbox 314 4177 341 4222; x_wconf 76' lang='grc' dir='ltr'><strong>Μ</strong></span> <span class='ocrx_word' id='word_1_337' title='bbox 440 4178 470 4225; x_wconf 90' lang='grc'><strong>11</strong></span> <span class='ocrx_word' id='word_1_338' title='bbox 489 4177 624 4241; x_wconf 84' lang='lat' dir='ltr'><strong>fingamus</strong></span> <span class='ocrx_word' id='word_1_339' title='bbox 641 4204 675 4215; x_wconf 89' lang='lat'><em>-</em></span> <span class='ocrx_word' id='word_1_340' title='bbox 692 4180 724 4228; x_wconf 80' lang='grc'>27</span> <span class='ocrx_word' id='word_1_341' title='bbox 744 4192 798 4240; x_wconf 90' lang='lat' dir='ltr'><strong>qua</strong></span> <span class='ocrx_word' id='word_1_342' title='bbox 817 4181 927 4228; x_wconf 84' lang='lat' dir='ltr'><strong>sentitis</strong></span> <span class='ocrx_word' id='word_1_343' title='bbox 945 4179 1066 4228; x_wconf 78' lang='lat' dir='ltr'><strong>Budaeus</strong></span> <span class='ocrx_word' id='word_1_344' title='bbox 1084 4184 1100 4232; x_wconf 85' lang='grc'><strong>1.</strong></span> <span class='ocrx_word' id='word_1_345' title='bbox 1118 4196 1140 4231; x_wconf 84' lang='lat' dir='ltr'><strong>c.</strong></span> <span class='ocrx_word' id='word_1_346' title='bbox 1228 4182 1260 4229; x_wconf 84' lang='lat'><strong>12</strong></span> <span class='ocrx_word' id='word_1_347' title='bbox 1278 4181 1307 4228; x_wconf 90' lang='lat' dir='ltr'><strong>in</strong></span> <span class='ocrx_word' id='word_1_348' title='bbox 1327 4182 1399 4230; x_wconf 85' lang='lat' dir='ltr'><strong>hane</strong></span> 
     </span>
     <span class='ocr_line' id='line_1_38' title="bbox 207 4244 1400 4312; baseline 0.007 -22"><span class='ocrx_word' id='word_1_349' title='bbox 207 4257 290 4291; x_wconf 85' lang='lat' dir='ltr'><strong>causa</strong></span> <span class='ocrx_word' id='word_1_350' title='bbox 307 4245 334 4290; x_wconf 72' lang='grc' dir='ltr'><strong>Π</strong></span> <span class='ocrx_word' id='word_1_351' title='bbox 403 4246 433 4294; x_wconf 87' lang='grc'><strong>13</strong></span> <span class='ocrx_word' id='word_1_352' title='bbox 452 4244 564 4308; x_wconf 86' lang='lat' dir='ltr'><strong>religari</strong></span> <span class='ocrx_word' id='word_1_353' title='bbox 580 4246 608 4294; x_wconf 73' lang='grc' dir='ltr'><strong>Η</strong></span> <span class='ocrx_word' id='word_1_354' title='bbox 677 4247 709 4294; x_wconf 88' lang='grc'><strong>14</strong></span> <span class='ocrx_word' id='word_1_355' title='bbox 732 4247 884 4296; x_wconf 77' lang='grc'><strong>1111111111</strong></span> <span class='ocrx_word' id='word_1_356' title='bbox 969 4248 1105 4311; x_wconf 86' lang='lat' dir='ltr'><strong>periment</strong></span> <span class='ocrx_word' id='word_1_357' title='bbox 1123 4247 1246 4298; x_wconf 81' lang='lat' dir='ltr'><strong>Budaeus</strong></span> <span class='ocrx_word' id='word_1_358' title='bbox 1262 4248 1400 4312; x_wconf 84' lang='lat' dir='ltr'><strong>perimant</strong></span> 
     </span>
     <span class='ocr_line' id='line_1_39' title="bbox 205 4311 1332 4378; baseline 0.009 -22"><span class='ocrx_word' id='word_1_359' title='bbox 205 4311 232 4356; x_wconf 72' lang='grc' dir='ltr'><strong>Π</strong></span> <span class='ocrx_word' id='word_1_360' title='bbox 249 4315 374 4374; x_wconf 87' lang='lat' dir='ltr'><strong>prement</strong></span> <span class='ocrx_word' id='word_1_361' title='bbox 391 4326 408 4359; x_wconf 84' lang='lat' dir='ltr'><strong>a</strong></span> <span class='ocrx_word' id='word_1_362' title='bbox 477 4313 508 4361; x_wconf 85' lang='grc'><strong>18</strong></span> <span class='ocrx_word' id='word_1_363' title='bbox 527 4314 617 4375; x_wconf 88' lang='lat' dir='ltr'><strong>adque</strong></span> <span class='ocrx_word' id='word_1_364' title='bbox 636 4313 663 4362; x_wconf 93' lang='lat' dir='ltr'>M</span> <span class='ocrx_word' id='word_1_365' title='bbox 732 4315 765 4363; x_wconf 89' lang='grc'>20</span> <span class='ocrx_word' id='word_1_366' title='bbox 783 4313 895 4378; x_wconf 87' lang='lat' dir='ltr'><strong>religari</strong></span> <span class='ocrx_word' id='word_1_367' title='bbox 912 4316 940 4362; x_wconf 75' lang='grc' dir='ltr'>Η</span> <span class='ocrx_word' id='word_1_368' title='bbox 1007 4331 1062 4364; x_wconf 89' lang='lat' dir='ltr'><strong>una</strong></span> <span class='ocrx_word' id='word_1_369' title='bbox 1080 4316 1189 4364; x_wconf 89' lang='lat' dir='ltr'><strong>omnino</strong></span> <span class='ocrx_word' id='word_1_370' title='bbox 1207 4315 1332 4366; x_wconf 76' lang='lat' dir='ltr'><strong>Budaeus</strong></span> 
     </span>
     <span class='ocr_line' id='line_1_40' title="bbox 206 4374 1399 4447; baseline 0.007 -21"><span class='ocrx_word' id='word_1_371' title='bbox 206 4380 238 4426; x_wconf 86' lang='grc'>23</span> <span class='ocrx_word' id='word_1_372' title='bbox 257 4374 333 4441; x_wconf 86' lang='lat' dir='ltr'><strong>quia]</strong></span> <span class='ocrx_word' id='word_1_373' title='bbox 353 4394 423 4441; x_wconf 88' lang='lat' dir='ltr'><strong>quae</strong></span> <span class='ocrx_word' id='word_1_374' title='bbox 442 4378 563 4430; x_wconf 83' lang='lat' dir='ltr'><strong>Budaeus</strong></span> <span class='ocrx_word' id='word_1_375' title='bbox 580 4395 597 4429; x_wconf 84' lang='lat' dir='ltr'><strong>a</strong></span> <span class='ocrx_word' id='word_1_376' title='bbox 665 4383 698 4429; x_wconf 85' lang='grc'>24</span> <span class='ocrx_word' id='word_1_377' title='bbox 717 4379 792 4446; x_wconf 85' lang='lat' dir='ltr'><strong>quid]</strong></span> <span class='ocrx_word' id='word_1_378' title='bbox 812 4382 885 4445; x_wconf 90' lang='lat' dir='ltr'><strong>quod</strong></span> <span class='ocrx_word' id='word_1_379' title='bbox 902 4383 930 4429; x_wconf 72' lang='grc' dir='ltr'>Η</span> <span class='ocrx_word' id='word_1_380' title='bbox 997 4384 1030 4432; x_wconf 80' lang='grc'>25</span> <span class='ocrx_word' id='word_1_381' title='bbox 1048 4383 1204 4447; x_wconf 83' lang='lat' dir='ltr'><strong>relegantes</strong></span> <span class='ocrx_word' id='word_1_382' title='bbox 1222 4385 1249 4432; x_wconf 79' lang='lat'><strong>11</strong></span> <span class='ocrx_word' id='word_1_383' title='bbox 1319 4385 1399 4434; x_wconf 82' lang='grc'><strong>26111</strong></span> 
     </span>
     <span class='ocr_line' id='line_1_41' title="bbox 206 4445 1399 4515; baseline 0.009 -24"><span class='ocrx_word' id='word_1_384' title='bbox 206 4445 277 4492; x_wconf 85' lang='lat' dir='ltr'><strong>hauc</strong></span> <span class='ocrx_word' id='word_1_385' title='bbox 295 4471 329 4480; x_wconf 91' lang='lat'>—</span> <span class='ocrx_word' id='word_1_386' title='bbox 346 4448 379 4495; x_wconf 75' lang='grc'><strong>21</strong></span> <span class='ocrx_word' id='word_1_387' title='bbox 398 4460 453 4509; x_wconf 88' lang='lat' dir='ltr'><strong>qua</strong></span> <span class='ocrx_word' id='word_1_388' title='bbox 472 4449 583 4496; x_wconf 86' lang='lat' dir='ltr'><strong>sentitis</strong></span> <span class='ocrx_word' id='word_1_389' title='bbox 602 4464 648 4497; x_wconf 85' lang='lat' dir='ltr'><strong>om.</strong></span> <span class='ocrx_word' id='word_1_390' title='bbox 666 4449 694 4495; x_wconf 72' lang='grc' dir='ltr'><strong>Π</strong></span> <span class='ocrx_word' id='word_1_391' title='bbox 795 4451 828 4500; x_wconf 92' lang='grc'>28</span> <span class='ocrx_word' id='word_1_392' title='bbox 848 4450 895 4513; x_wconf 87' lang='lat' dir='ltr'><strong>qui</strong></span> <span class='ocrx_word' id='word_1_393' title='bbox 918 4449 988 4499; x_wconf 87' lang='lat' dir='ltr'><strong>haec</strong></span> <span class='ocrx_word' id='word_1_394' title='bbox 1008 4451 1117 4499; x_wconf 83' lang='lat' dir='ltr'><strong>sentitis</strong></span> <span class='ocrx_word' id='word_1_395' title='bbox 1137 4451 1166 4500; x_wconf 77' lang='lat' dir='ltr'><strong>B.</strong></span> <span class='ocrx_word' id='word_1_396' title='bbox 1186 4451 1221 4500; x_wconf 87' lang='lat' dir='ltr'><strong>H.</strong></span> <span class='ocrx_word' id='word_1_397' title='bbox 1241 4450 1399 4515; x_wconf 75' lang='lat' dir='ltr'><strong>Schaeserus</strong></span> 
     </span>
     <span class='ocr_line' id='line_1_42' title="bbox 206 4511 1290 4583; baseline 0.007 -25"><span class='ocrx_word' id='word_1_398' title='bbox 206 4514 252 4576; x_wconf 86' lang='lat' dir='ltr'><strong>qui</strong></span> <span class='ocrx_word' id='word_1_399' title='bbox 270 4511 341 4560; x_wconf 86' lang='lat' dir='ltr'><strong>haec</strong></span> <span class='ocrx_word' id='word_1_400' title='bbox 360 4515 481 4564; x_wconf 81' lang='lat' dir='ltr'><strong>censetis</strong></span> <span class='ocrx_word' id='word_1_401' title='bbox 498 4517 546 4562; x_wconf 73' lang='lat' dir='ltr'><strong>Ma</strong></span> <span class='ocrx_word' id='word_1_402' title='bbox 614 4518 647 4565; x_wconf 81' lang='lat'><strong>32</strong></span> <span class='ocrx_word' id='word_1_403' title='bbox 665 4512 789 4581; x_wconf 89' lang='lat' dir='ltr'><strong>dubium]</strong></span> <span class='ocrx_word' id='word_1_404' title='bbox 809 4518 906 4567; x_wconf 89' lang='lat' dir='ltr'><strong>durum</strong></span> <span class='ocrx_word' id='word_1_405' title='bbox 924 4519 952 4565; x_wconf 71' lang='grc' dir='ltr'><strong>Η</strong></span> <span class='ocrx_word' id='word_1_406' title='bbox 1019 4520 1052 4567; x_wconf 85' lang='grc'><strong>34</strong></span> <span class='ocrx_word' id='word_1_407' title='bbox 1069 4517 1147 4568; x_wconf 86' lang='lat' dir='ltr'><strong>illam</strong></span> <span class='ocrx_word' id='word_1_408' title='bbox 1164 4523 1245 4583; x_wconf 85' lang='lat' dir='ltr'><strong>parte</strong></span> <span class='ocrx_word' id='word_1_409' title='bbox 1263 4521 1290 4566; x_wconf 72' lang='grc' dir='ltr'>Ι</span> 
     </span>
    </p>
   </div>
   <div class='ocr_carea' id='block_1_4' title="bbox 0 0 1516 5062">
    <p class='ocr_par' dir='ltr' id='par_1_4' title="bbox 0 0 1516 5062">
     <span class='ocr_line' id='line_1_43' title="bbox 0 0 1516 5062; baseline 0 0"><span class='ocrx_word' id='word_1_410' title='bbox 0 0 1516 5062; x_wconf 95' lang='lat' dir='ltr'><strong> </strong></span> 
     </span>
    </p>
   </div>
  </div>
 </body>
</html>
