3024 5062
210 294 312 342 XXXII
701 290 910 338 PRAEFATIO.

210 449 357 531 regatur,
380 437 543 530 multaque
564 444 599 508 in
622 465 660 507 ea
681 466 716 507 re
739 443 830 507 abiis
853 443 907 526 qui
927 442 985 506 has
1001 440 1152 525 epitulas
1164 440 1333 505 ediderunt
1354 440 1405 505 vel
1453 454 1458 461 ·

137 550 139 554 ’
209 549 244 613 in
266 548 305 612 iis
329 545 535 612 emendandis
557 567 685 628 operam
702 545 938 610 collocaverunt
952 546 1085 629 peccata
1100 544 1186 607 sunt.
1210 542 1320 607 eadem
1342 541 1406 607 fuit

210 671 321 733 causa,
357 670 413 714 cur
438 649 473 712 in
497 650 653 732 apparatu
682 647 793 711 critico
815 668 934 731 magna
961 645 1210 729 discrepantium
1232 643 1405 728 scriptura·

140 789 147 799 ·-
209 772 279 814 rum
291 750 390 815 moles
403 748 622 834 componenda
638 752 732 832 esset,
756 747 854 813 taedii
867 747 923 811 illa
940 747 1068 832 quidem
1083 747 1188 830 plena,
1212 746 1266 811 sed
1279 746 1316 810 ad
1332 766 1406 811 con·

211 852 403 917 firmandum
414 851 567 916 iudicium
577 851 708 915 omnino
720 850 909 915 necessaria.
933 871 1008 913 nam
1022 851 1148 933 praeter
1160 849 1283 914 codices
1295 848 1405 913 multis

211 952 412 1018 librariorum
423 952 581 1017 erroribus
603 953 792 1036 depravatos
805 974 872 1016 non
889 952 990 1015 solum
1008 951 1161 1016 lectiones
1176 952 1319 1016 veterum
1342 951 1405 1015 edi-

211 1055 351 1137 tionum,
378 1056 411 1119 in
441 1054 556 1140 quibus
572 1052 795 1138 manuscripti
816 1053 891 1117 libri
904 1053 1040 1117 adhibiti
1053 1061 1160 1135 erant,
1175 1053 1331 1138 principis
1342 1052 1405 1117 Ro-

211 1177 325 1221 manae
343 1156 491 1240 Aldinae,
516 1155 713 1220 exhibendae
724 1156 864 1238 fuerunt,
886 1155 940 1219 sed
959 1176 1000 1218 ne
1016 1156 1171 1239 impressa
1189 1155 1318 1240 quidem
1329 1149 1405 1220 ante

211 1257 327 1322 Aldum
339 1257 533 1342 exemplaria
544 1257 675 1342 neglegi
686 1260 845 1341 poterant.
870 1279 908 1320 ex
920 1256 969 1321 his
984 1257 1134 1342 princeps
1147 1257 1244 1321 editio
1255 1260 1291 1321 ut
1301 1258 1406 1321 instar

212 1358 329 1423 codicis
341 1362 406 1442 est,
420 1360 466 1424 ita
478 1382 555 1443 prae
571 1359 661 1424 libris
674 1380 771 1422 manu
783 1359 912 1441 scriptis
923 1359 990 1422 eius
999 1359 1120 1423 ordinis
1132 1359 1221 1423 illam
1231 1359 1405 1425 utilitatem

212 1460 320 1543 hahet,
334 1461 415 1545 quod
428 1462 495 1526 eius
506 1462 642 1526 lectione
655 1460 797 1525 indicata
809 1459 1018 1544 intellegitur,
1037 1482 1132 1544 quem
1146 1461 1185 1525 ad
1201 1460 1329 1524 modum
1342 1458 1406 1544 pri·

111 1572 114 1579 '
212 1584 299 1626 mum
322 1562 427 1627 editae
439 1564 505 1629 sint
526 1562 697 1648 epistulae:
720 1584 797 1626 nam
808 1561 848 1625 ab
865 1561 924 1626 hac
936 1561 1076 1647 reliquae
1087 1563 1243 1627 editiones
1253 1561 1404 1647 pendent.

212 1663 359 1729 Romana
372 1665 520 1749 editione,
545 1664 688 1749 quamvis
700 1686 737 1729 ea
748 1665 939 1748 scripturam
952 1664 1069 1729 codicia
1087 1686 1218 1748 eamque
1234 1663 1406 1729 aMediceo

212 1787 278 1830 non
293 1767 395 1830 multo
410 1767 566 1831 diversam
583 1788 654 1830 cum
672 1765 774 1830 foedis
785 1765 909 1831 mendis
921 1765 1054 1830 mixtam
1067 1767 1231 1849 exhibeat,
1252 1765 1303 1831 vel
1313 1787 1407 1850 prop·

212 1872 301 1932 terea
325 1870 425 1933 careri
447 1890 514 1933 non
536 1867 655 1953 potuit,
679 1867 762 1952 quod
786 1867 885 1931 multa
907 1888 945 1931 ex
969 1890 1006 1931 ea
1028 1868 1067 1932 ad
1090 1869 1228 1952 reliquas
1251 1863 1407 1932 editiones

212 1972 393 2054 propagata
416 1974 501 2034 sunt.
539 1970 574 2033 in
607 1968 667 2033 hac
699 1973 807 2033 tamen
841 1969 1013 2053 quaedam,
1044 1970 1079 2033 in
1112 1969 1225 2054 quibus
1253 1969 1405 2034 levissimi

214 2070 344 2135 editoris
359 2093 481 2135 errores
496 2070 669 2155 patebant,
694 2070 860 2153 praeterii,
885 2073 917 2134 et
931 2073 1080 2154 poterant
1094 2071 1192 2134 etiam
1207 2071 1300 2154 plura
1313 2092 1406 2155 prae·

212 2172 313 2237 teriri.
358 2195 395 2236 ex
430 2171 623 2236 editionibus
651 2171 820 2256 Pomponii
848 2171 955 2254 Laeti,
990 2170 1154 2254 Beroaldi‚
1185 2167 1342 2236 Catenaei
1369 2194 1406 2236 ea

213 2294 294 2358 quae
317 2273 356 2337 ad
378 2274 474 2339 fidem
496 2273 634 2338 Aldinae
663 2273 813 2338 editionis
841 2273 1096 2337 constituendam
1123 2268 1331 2357 pertinebant
1354 2274 1407 2338 ad·

213 2376 333 2460 scripta
354 2379 445 2440 sunt:
467 2397 544 2439 nam
565 2375 673 2439 omnia
687 2375 823 2439 indicari
845 2396 923 2459 opus
944 2397 1010 2439 non
1031 2375 1104 2439 fuit.
1135 2376 1243 2461 itaque
1264 2376 1320 2439 ubi
1342 2378 1406 2441 tres

215 2477 370 2542 editiones
392 2499 471 2563 quas
494 2476 559 2541 dixi
583 2498 654 2541 oum
675 2476 821 2560 principe
844 2480 876 2541 et
887 2477 1050 2559 Romana,
1074 2477 1217 2562 equibus
1240 2498 1407 2562 expressae

214 2581 308 2662 sunt,
343 2583 376 2642 et
397 2580 431 2643 in
453 2583 566 2643 octavo
592 2578 674 2642 libro
707 2599 777 2641 cum
805 2578 872 2643 sola
894 2578 1040 2642 Romana
1062 2579 1283 2663 consentiunt,
1316 2579 1408 2644 illum

217 2702 406 2746 consensum
427 2681 498 2764 ipso
521 2680 649 2744 silentio
672 2683 818 2744 constare
833 2679 930 2744 volui.
954 2701 1057 2763 neque
1078 2681 1111 2744 in
1135 2681 1174 2744 iis
1196 2702 1277 2766 quae
1299 2681 1350 2746 vel
1372 2682 1407 2745 in

215 2782 362 2866 principe
383 2782 434 2846 vel
461 2783 496 2845 in
519 2781 666 2847 Romana
696 2781 835 2845 editione
863 2781 986 2846 levibus
1016 2784 1048 2845 et
1078 2783 1197 2864 apertis
1225 2782 1312 2847 vitiis
1341 2804 1407 2848 cor-

215 2887 327 2966 rupta,
349 2884 385 2946 in
407 2885 508 2948 altera
530 2885 616 2947 recte
639 2884 739 2947 etsie
761 2887 797 2947 ut
817 2884 886 2968 ipse
909 2883 992 2947 edidi
1014 2883 1156 2947 exhibita
1178 2887 1268 2967 sunt,
1293 2883 1319 2947 si
1342 2885 1408 2948 tres

216 2984 371 3048 editiones
393 2985 597 3049 emendatam
619 2984 788 3050 lectionem
812 2988 979 3068 secuntur,
1009 2984 1041 3048 id
1068 2986 1114 3049 ita
1136 3007 1204 3049 esse
1232 2985 1408 3050 indicatum

218 3088 277 3149 ert.
316 3085 367 3149 sin
390 3086 571 3150 communia
592 3087 757 3170 utriusque
781 3087 970 3170 exemplaris
986 3089 1019 3151 et
1039 3087 1075 3150 in
1090 3090 1202 3151 octavo
1216 3086 1298 3151 libro
1313 3087 1408 3152 unius

217 3186 357 3250 Romani
378 3187 458 3251 vitia
481 3187 515 3251 in
537 3187 601 3251 illis
624 3189 685 3269 sic,
709 3191 746 3251 ut
769 3189 864 3252 verba
887 3211 971 3252 ame
987 3188 1129 3251 exhibita
1151 3191 1241 3272 sunt,
1267 3191 1409 3252 correcta

218 3291 325 3370 erant,
355 3288 434 3351 illud
464 3288 571 3352 addito
600 3290 753 3353 asterisco
777 3289 875 3376 (Ν)
903 3290 1053 3354 indicavi.
1092 3292 1231 3353 ceterum
1259 3290 1409 3372 quoniam

217 3390 252 3453 in
274 3389 346 3453 istis
369 3388 561 3454 editionibus
584 3391 743 3455 communi
766 3392 860 3474 signo
883 3414 902 3464 ς
930 3413 1006 3455 usus
1029 3413 1115 3475 sum,
1144 3392 1199 3455 ubi
1227 3391 1302 3455 illae
1324 3393 1410 3456 inter

219 3513 252 3556 se
286 3492 496 3573 dissentiunt,
535 3513 605 3555 eam
636 3492 724 3555 tenui
758 3493 931 3577 rationem,
966 3496 1002 3556 ut
1032 3493 1219 3578 plerumque
1240 3493 1408 3578 Pomponii

218 3593 308 3656 Laeti
331 3594 523 3676 scripturam
546 3615 698 3677 ponerem
720 3616 819 3678 eaque
841 3616 921 3678 quae
948 3597 1060 3679 postea
1083 3593 1256 3658 Beroaldus
1279 3593 1330 3658 vel
1352 3592 1409 3659 Oa-

218 3697 353 3758 tanaeus
375 3696 595 3778 mutaverunt,
620 3696 682 3760 nisi
706 3697 832 3784 quidem
849 3717 956 3759 eorum
973 3697 1174 3760 coniecturae
1188 3695 1317 3780 longius
1339 3717 1410 3779 pro·

219 3798 359 3880 pagatae
382 3798 490 3879 erant,
515 3796 720 3882 neglegerem
748 3799 798 3861 vel
820 3797 1005 3861 nominibus
1034 3797 1202 3880 adscriptis
1223 3796 1408 3860 indicarem.

219 3918 296 3979 ergo
318 3898 345 3960 si
368 3897 501 3961 duarum
524 3898 732 3975 editionump
755 3902 788 3962 et
809 3924 826 3963 r
849 3899 898 3964 vel
920 3900 954 3962 in
978 3902 1089 3963 octavo
1111 3898 1192 3962 libro
1207 3899 1302 3962 unius
1317 3922 1335 3961 r
1349 3897 1410 3961 dis-

220 3999 384 4082 crepantia
412 3999 564 4064 adnotata
587 4003 652 4083 est,
688 4023 759 4064 eum
781 4000 842 4065 hac
865 4002 1072 4064 consentiunt
1094 4023 1128 4085 53
1152 4001 1178 4064 si
1200 4000 1294 4064 unius
1315 4024 1339 4076 p
1361 3998 1411 4063 vel

221 4102 313 4165 unius
335 4125 353 4165 r
374 4102 591 4184 discrepantia
614 4102 767 4166 adnotata
789 4106 853 4186 est,
887 4125 958 4166 cum
981 4125 1018 4166 ea
1046 4124 1125 4186 quae
1154 4101 1356 4166 emendatam
1379 4103 1412 4165 ot

219 4203 254 4265 in
286 4205 376 4267 textu
409 4203 585 4268 exhibitam
619 4205 787 4268 lectionem
820 4205 953 4288 praebet
975 4205 1196 4288 consentiunt3
1229 4205 1257 4268 si
1283 4202 1412 4267 illarum

221 4304 388 4387 scripturis
411 4304 537 4369 additus
560 4308 609 4369 est
631 4305 799 4369 asteriscus
823 4307 935 4392 (pri),
965 4328 1035 4369 eam
1059 4307 1250 4390 scripturam
1273 4305 1411 4390 quaein

220 4407 311 4468 textu
333 4405 475 4469 exhibita
498 4410 547 4470 est
568 4407 740 4490 praebent:
770 4429 807 4470 ea
831 4429 910 4491 quae
925 4408 1066 4491 ipsarum
1083 4407 1258 4471 editionum
1281 4406 1411 4490 propria

221 4510 296 4570 sunt
317 4510 395 4571 nota
418 4529 437 4580 ς
458 4508 587 4573 indicat.
624 4509 670 4572 ita
686 4509 772 4572 enim
788 4511 866 4573 satis
883 4513 1028 4573 constare
1043 4513 1137 4592 putu,
1162 4507 1237 4592 quid
1252 4508 1411 4591 prioribus
