3024 5062
189 277 226 324 v1
681 275 891 324 PRAEFATIO.

58 430 61 437 ’
186 429 283 496 nibus
305 449 386 513 quae
410 428 494 512 apud
508 427 650 496 Plinium
664 428 818 514 leguntur
832 430 1046 515 praestitisse,
1071 430 1154 515 quod
1168 432 1239 496 fieri
1255 432 1385 496 deberet

82 543 87 577 ·ῑ
187 531 223 596 in
245 531 410 614 omnibus,
433 551 537 614 neque
559 530 709 615 ignorare
732 552 766 595 se
787 531 867 596 illud
894 531 981 597 inter
1002 532 1142 597 indicem
1168 534 1298 618 proprie
1320 533 1384 598 Pli-

56 718 60 726 ἱ
185 632 320 703 nianum
348 635 381 696 et
408 631 507 696 talem
535 631 661 716 qualem
689 631 904 724 desideramus
926 633 1067 699 medium
1095 634 1246 719 quiddam
1273 638 1384 700 tenere

186 739 219 800 et
239 736 409 833 propterea
430 732 545 798 merito
569 733 692 817 culpari
713 755 825 818 posse,
849 734 934 819 quod
956 735 1037 799 fines
1053 735 1184 800 alterius
1207 737 1383 821 excederet,

186 835 318 905 alterius
339 856 406 899 non
429 834 591 918 impleret3
614 833 669 898 sed
692 835 867 918 specimine
890 836 997 922 aliquo
1027 837 1171 921 quamvis
1194 837 1383 922 imperfecto

185 936 347 1009 utilissimi
368 934 660 1020 operisproposito
687 936 757 1000 fieri
785 958 878 1020 posse
907 942 944 1002 ut
971 939 1027 1003 alii
1056 939 1096 1002 ad
1123 939 1214 1004 illum
1241 939 1384 1005 laborem
1496 945 1500 953 '

187 1038 425 1124 suscipiendum
447 1038 670 1103 incitarentur.
708 1039 839 1102 interim
868 1060 927 1103 nos
954 1039 1035 1105 illud
1063 1040 1280 1125 antiquissimi
1300 1043 1384 1107 vatis

185 1143 408 1227 praeceptum,
439 1140 524 1224 quod
555 1139 719 1203 dimidiam
747 1139 794 1204 rei
816 1146 942 1224 partem
963 1141 1064 1224 pluris
1086 1142 1193 1207 facere
1215 1164 1275 1206 nos
1296 1142 1386 1209 iubet

186 1265 281 1328 quam
303 1244 406 1306 totam
428 1263 511 1324 rem,
541 1241 575 1305 in
597 1240 660 1306 hoc
682 1263 807 1326 quoquc
836 1264 931 1326 opere
960 1243 1065 1307 valere
1088 1244 1283 1327 putabimus
1306 1267 1382 1310 nam

186 1345 262 1410 dum
284 1344 392 1409 omnia
407 1365 488 1428 quae
510 1345 574 1408 huc
587 1338 751 1426 pertinent
770 1345 902 1408 nomina
919 1345 1114 1430 colligantur
1136 1348 1169 1410 et
1190 1347 1225 1410 in
1241 1346 1387 1412 ordinem

185 1447 388 1532 digerantur,
418 1445 502 1529 quod
524 1465 602 1509 sane
624 1445 831 1511 utilissimum
852 1445 923 1510 fore
945 1467 1056 1510 omnes
1080 1449 1302 1532 consentiunt,
1331 1448 1385 1513 hie

185 1545 476 1612 Pliniiindexuiccs
486 1546 826 1630 locupletiorisindicis
835 1569 873 1612 ex
881 1546 1385 1633 aliquapartesustinerepcterit,

185 1671 288 1734 neque
311 1649 493 1713 dubitamus
521 1649 598 1733 quin
620 1648 674 1713 ille
702 1670 858 1734 magnum
882 1648 1084 1714 commodum
1111 1650 1152 1714 ad
1181 1672 1299 1716 novam
1322 1651 1386 1716 edi-

185 1751 308 1816 tionem
330 1750 496 1815 additurus
518 1750 570 1815 sit.
609 1750 744 1834 denique
766 1750 804 1814 de
819 1749 1017 1835 temporibus
1033 1750 1242 1834 epistularum
1263 1774 1304 1817 nc
1326 1774 1383 1818 no-

185 1853 236 1918 bis
258 1851 475 1937 quaerendum
502 1854 586 1915 esset
608 1851 756 1917 effectum
784 1855 834 1916 est
862 1854 1014 1918 accurata
1036 1853 1228 1918 Mommseni
1258 1853 1387 1919 devita

187 1954 284 2020 Plinii
313 1953 532 2040 disputatione
560 1951 672 2017 Herm.
702 1975 732 2017 v.
762 1952 811 2017 ΠΙ
838 1953 882 2037 (a.
909 1953 1005 2036 1869)
1032 1976 1065 2037 p.
1094 1954 1134 2018 31
1159 1975 1228 2038 sqq.
1257 1977 1296 2020 ex
1323 1978 1386 2040 qua

187 2056 404 2142 disputatione
433 2057 528 2119 notas
552 2076 727 2137 annorum,
762 2054 800 2119 de
828 2055 942 2139 quibus
971 2055 1100 2139 quidem
1128 2058 1215 2120 certo
1244 2060 1383 2142 constat,

188 2158 325 2244 singulis
347 2157 438 2222 libris
460 2156 511 2221 vel
533 2157 679 2241 epistulis
709 2156 873 2240 adscripsi.
911 2178 1011 2221 unum
1038 2157 1140 2242 igitur
1162 2157 1387 2241 explicandum

129 2257 132 2262 ’
189 2262 305 2345 restat,
334 2259 449 2344 quibus
477 2258 646 2340 praesidiis
668 2258 702 2321 in
729 2279 814 2322 nova
836 2259 1020 2322 recensione
1042 2279 1118 2323 usus
1145 2259 1206 2323 sim
1235 2263 1268 2323 et
1290 2282 1388 2345 quam

104 2424 113 2435 ‚
189 2360 414 2426 auctoritatem
446 2362 541 2424 unius
565 2359 717 2443 cuiusque
738 2359 813 2423 libri
839 2359 875 2423 in
905 2357 1036 2424 diversis
1069 2360 1215 2444 partibus
1237 2361 1387 2427 editionis

187 2461 442 2528 essexoluerim.
466 2483 529 2546 qua
551 2461 645 2526 dere
668 2461 745 2526 olim
767 2461 906 2526 breviter
929 2461 1011 2544 dixi,
1034 2483 1120 2526 nunc
1142 2464 1179 2527 ut
1201 2463 1382 2528 accuratius

187 2569 367 2650 exponatur
387 2563 481 2628 huius
503 2563 654 2629 editionis
676 2563 819 2629 rationes
842 2565 987 2649 exigunt.

273 2664 427 2732 Codicum
440 2668 546 2730 autem
561 2665 596 2728 in
609 2665 723 2749 quibus
731 2664 1137 2751 Pliniiepistulaeseriptae
1146 2668 1223 2730 sunt
1234 2667 1297 2731 tria
1312 2670 1388 2732 sunt

187 2789 322 2854 genera,
346 2789 427 2852 quae
449 2789 516 2831 non
537 2767 642 2852 magis
663 2762 796 2852 propria
818 2767 1087 2851 uniuscuiusque
1110 2769 1237 2853 generis
1259 2769 1386 2833 ratione

188 2871 365 2954 scripturae
392 2890 488 2953 quam
515 2868 642 2932 diverso
672 2890 805 2932 numero
835 2869 1045 2954 epistularum
1072 2870 1158 2933 inter
1185 2891 1218 2934 se
1247 2869 1387 2934 discreta

188 2974 273 3037 sunt.
316 2970 457 3055 primum
485 2972 571 3034 enim
597 2990 700 3055 genus
735 2974 784 3035 est
811 2970 890 3035 illud
923 2973 1007 3056 quod
1033 2992 1149 3035 novem
1178 2969 1387 3054 epistularum

187 3073 286 3139 libros
315 3071 554 3156 complectitur3
582 3072 617 3136 in
646 3072 786 3136 secundo
815 3073 902 3156 prior
932 3073 1141 3157 epistularum
1168 3093 1244 3156 pars
1271 3071 1345 3136 inde
1368 3095 1388 3137 a

188 3276 320 3342 tertium
342 3277 458 3341 octavo
480 3275 563 3340 libro
586 3277 702 3340 omisso
726 3279 758 3341 et
779 3298 866 3341 nono
895 3277 930 3340 in
957 3277 1027 3342 loco
1044 3277 1162 3341 octavi
1184 3276 1291 3360 posito
1313 3279 1386 3340 octo

189 3378 287 3443 libros
311 3376 464 3441 continet.
502 3377 543 3441 ad
564 3377 644 3442 haec
665 3378 729 3442 tria
751 3399 872 3463 genera
894 3377 1067 3443 accedebat
1088 3377 1163 3443 olim
1187 3381 1319 3463 quartus
1335 3400 1386 3443 co-

189 3477 266 3561 dex,
289 3477 325 3543 in
347 3499 409 3563 quo
430 3480 559 3564 praeter
579 3499 696 3542 novem
719 3478 928 3562 epistularum
949 3479 1048 3544 libros
1071 3479 1211 3544 decimus
1233 3479 1300 3544 sive
1323 3481 1388 3563 epi·

190 3580 345 3646 stularum
367 3578 465 3644 Plinii
487 3581 520 3643 et
541 3579 672 3644 Traiani
694 3579 777 3644 liber
797 3581 935 3664 scriptus
959 3585 1037 3645 erat.
1068 3581 1107 3645 de
1129 3580 1180 3646 his
1194 3581 1297 3646 tribus
1320 3582 1387 3647 sive

189 3685 341 3768 quattuor
355 3681 511 3746 librorum
525 3682 827 3765 manuscriptorum
854 3682 1026 3768 generibus
1048 3683 1185 3767 primum
1213 3684 1387 3766 separatim

190 3784 312 3868 dicam3
346 3783 460 3848 deinde
488 3804 568 3867 quae
597 3783 711 3868 cuique
739 3785 914 3849 auotoritas
932 3762 977 3848 ad
999 3785 1173 3870 genuinam
1195 3783 1387 3867 scripturam

189 3885 410 3972 indagandam
435 3885 606 3950 tribuenda
632 3885 674 3950 sit
696 3907 865 3970 exponam.

274 3987 375 4070 Primi
402 3987 504 4073 igitur
530 3988 659 4073 generis
688 3989 773 4073 quod
800 3989 893 4072 posui
922 3988 1020 4054 codex
1041 3988 1212 4073 primarius
1240 3991 1290 4053 est
1310 3988 1388 4052 Me·

191 4090 330 4156 diceus
352 4089 404 4154 vel
418 4087 653 4154 Laurentianus
676 4090 777 4173 plutei
792 4089 915 4155 XLVII
929 4091 970 4156 36
992 4091 1027 4156 in
1049 4090 1244 4156 membranis
1265 4090 1388 4156 formae

191 4191 365 4278 quadratae
376 4160 509 4263 ldecimo
532 4191 677 4275 saeculo,
700 4200 736 4256 ut
757 4191 836 4255 mihi
853 4192 953 4256 visum
969 4195 1033 4277 est,
1057 4192 1212 4278 scriptus,
1236 4192 1291 4276 qui
1304 4214 1387 4257 unus

193 4294 336 4361 omnium
360 4293 504 4358 codicum
526 4294 580 4378 qui
608 4298 891 4378 nune'supersunt
916 4316 1032 4359 novem
1055 4295 1264 4380 epistularum
1286 4293 1386 4359 libros

192 4395 338 4460 continet
359 4416 459 4480 usque
481 4393 521 4459 ad
536 4394 616 4458 noni
631 4393 759 4478 quidem
773 4393 848 4459 libri
864 4395 1034 4478 epistulam
1046 4392 1099 4479 26,
1115 4397 1135 4461 8
1152 4385 1387 4461 amasonia

191 4501 265 4562 rra
291 4502 311 4562 Ι
338 4535 372 4544 -
400 4508 429 4563 et
459 4502 534 4562 arici·
560 4493 651 4563 ετω
675 4487 905 4564 acernam.
933 4501 1058 4562 rium
1093 4500 1391 4563 scissurarum
