3024 5062
586 280 616 328 G.
639 281 735 328 PLINI
758 280 802 326 ET
826 279 971 328 'IRAIANI

590 519 738 585 nram.
764 519 968 607 [annuns]

608 641 791 693 TRAIANUS
816 641 941 694 PLINlO

78 847 81 853 ι
267 759 301 825 Si
322 759 402 823 mihi
424 761 553 824 senatus
577 757 759 823 consultum
773 757 913 842 miseris,
939 759 1023 843 quod
1044 757 1293 822 haesitationem
1315 757 1377 821 tibi

181 862 275 945 fecit,
304 861 494 945 aestimab0,
522 883 564 926 an
593 860 709 925 debeas
738 881 931 946 cognoscere
957 861 997 925 de
1023 859 1237 947 agnoscendis
1265 860 1376 924 liberis

183 967 216 1029 et
237 964 399 1029 natalibus
422 964 487 1029 suis
509 962 727 1028 restituendis.
1389 974 1416 1014 ⁵·

624 1131 788 1198 armni.
820 1132 933 1219 [xvia

463 1254 493 1305 0.
512 1253 660 1307 PLINIUS
678 1255 839 1308 TRAIANO
857 1255 1089 1307 IMPERATORI

156 1373 172 1434 1
268 1372 462 1457 Appuleius,
487 1371 630 1456 domine,
653 1371 756 1456 miles,
780 1372 835 1456 qui
857 1374 906 1436 est
926 1373 962 1437 in
985 1373 1123 1437 statione
1138 1371 1376 1454 Nicomedensi,

183 1475 313 1559 scripsit
334 1474 412 1539 mihi
435 1473 595 1558 quendam
617 1473 747 1538 nomine
770 1471 1015 1558 Callidromum,
1045 1495 1118 1538 cum
1140 1473 1337 1538 detineretur
1360 1495 1378 1537 a

183 1576 323 1641 Maximo
352 1579 384 1640 et
411 1574 566 1660 Dionysio
595 1573 785 1660 pistoribus,
820 1575 935 1660 quibus
963 1596 1076 1660 operas
1104 1597 1177 1640 suas
1205 1577 1378 1658 locaverat,
1391 1590 1414 1628 10

170 1678 368 1763 confugisse
390 1678 431 1741 ad
452 1679 541 1742 tuam
564 1680 705 1742 statuam
727 1678 978 1762 perductumque
1001 1678 1042 1741 ad
1064 1677 1274 1763 magistratus
1296 1677 1378 1742 indi·

184 1802 272 1845 casse
299 1780 437 1845 servisse
462 1779 634 1864 aliquando
660 1778 797 1844 Laberio
823 1779 964 1844 Maximo
992 1783 1184 1864 captumque
1213 1802 1232 1844 a
1255 1777 1378 1864 Susago

183 1883 218 1946 in
239 1881 362 1946 Moesia
384 1883 416 1945 et
438 1903 457 1945 a
478 1880 639 1946 Decibalo*
653 1881 779 1946 muneri
801 1882 933 1946 missum
955 1881 1093 1966 Pacoro,
1120 1880 1274 1946 Parthiae
1296 1883 1377 1967 regi,

183 1985 390 2069 pluribusque
406 1983 500 2047 annis
523 1984 558 2047 in
573 1983 753 2048 ministerio
775 1984 843 2048 eius
859 1983 974 2068 fuisse,
1000 1983 1114 2049 deinde
1135 1984 1260 2069 fugisse
1283 1986 1378 2068 atque

154 2086 229 2151 2ita
250 2088 285 2151 in
300 2085 521 2150 Nicomediam
535 2087 729 2170 pervenisse.
760 2107 854 2170 quem
870 2108 929 2171 ego
952 2085 1143 2170 perductum
1158 2085 1199 2149 ad
1220 2107 1285 2167 me,
1308 2099 1413 2151 oum15

184 2190 293 2253 eadem
322 2191 501 2270 narrasset,
530 2188 723 2252 mittendum
751 2187 790 2251 ad
816 2190 849 2252 te
871 2188 997 2272 putavi,
1026 2186 1109 2273 quod
1131 2187 1228 2271 paulo
1256 2186 1378 2252 tardius

182 2290 260 2371 feci,
284 2291 359 2354 dum
380 2291 506 2376 requiro
528 2312 704 2376 gemmam,
728 2310 822 2375 quam
845 2290 907 2354 sibi
926 2289 1099 2354 habentem
1120 2289 1299 2374 imaginem
1320 2289 1379 2354 Po·

128 2386 250 2457 '3cori
272 2393 439 2478 atquibus
462 2394 593 2462 ornatus
616 2392 731 2456 fuisset
752 2391 952 2456 subtractam
978 2391 1153 2456 indicabat.
1184 2391 1271 2456 volui
1294 2393 1379 2456 enim

184 2493 269 2558 hanc
291 2515 431 2579 quoque,
457 2494 485 2558 si
506 2494 645 2558 inveniri
666 2494 839 2578 potuisset,
869 2494 963 2559 simul
984 2494 1127 2588 mittere,
1158 2493 1242 2559 sicut
1269 2494 1387 2579 glebua

183 2597 248 2660 lam
270 2597 359 2680 misi,
383 2619 479 2681 quam
495 2618 528 2661 se
550 2617 589 2661 ex
604 2595 757 2660 Parthico
771 2595 902 2661 metallo
918 2595 1064 2661 attulisse
1079 2595 1217 2662 dicabat.
1249 2596 1378 2697 signata
1390 2611 1414 2649 ²⁰

184 2701 234 2764 est
256 2697 352 2763 analo
374 2720 461 2783 meo,
485 2700 573 2764 cuius
597 2701 646 2763 est
667 2697 934 2784 aposphragisma
956 2698 1124 2784 quadriga.

567 2868 697 2934 cxxv.
723 2867 942 2954 [ananan]

468 2991 498 3041 0.
516 2990 664 3042 PLINIUS
683 2990 843 3042 TRAIANO
861 2990 1093 3043 IMPERATORI

156 3107 171 3169 1
268 3110 384 3193 Iulius,
408 3108 553 3192 domine,
572 3107 697 3192 Largus
720 3129 759 3172 ex
774 3105 878 3171 Ponto
901 3106 1044 3171 nondum
1065 3107 1146 3172 mihi
1167 3108 1255 3174 visus
1279 3132 1317 3174 ac
1338 3132 1378 3175 ne

184 3213 311 3277 auditus
327 3211 455 3297 quidem
471 3210 610 3295 (scilicet
623 3210 740 3274 iudicio
754 3212 811 3273 tuo
828 3208 975 3294 credidit)
992 3209 1265 3292 dispensationem
1281 3234 1377 3296 quan·
1390 3222 1411 3262 ²⁵

153 3310 256 3378 2dam
270 3313 351 3377 mihi
365 3333 443 3397 erga
464 3316 497 3377 te
513 3312 643 3397 pietatis
666 3334 741 3376 suae
757 3311 1030 3397 ministeriumque
1045 3313 1221 3378 mandavit.
1253 3315 1379 3400 rogavit
1415 3328 1429 3359 ⁶

184 3417 270 3480 enirn
297 3418 490 3480 testamento
517 3417 554 3478 ut
580 3415 791 3479 hereditatem
819 3435 909 3478 suam
937 3413 1058 3478 adirem
1087 3436 1314 3500 cerneremque
1343 3437 1377 3480 ao

183 3517 297 3582 deinde
320 3519 501 3601 praeceptis
524 3517 758 3602 quinquaginta
774 3516 903 3581 milibus
925 3539 1092 3595 nummum
1113 3517 1273 3603 reliquum
1286 3540 1377 3584 omne

182 3619 448 3684 Heracleotarum
477 3622 509 3683 et
536 3619 709 3684 Tianorum
737 3618 922 3684 civitatibus
950 3619 1130 3702 redderem,
1158 3620 1206 3684 ita
1232 3624 1270 3685 ut
1297 3623 1377 3686 esset

235 3877 369 3959 'LXXIII
395 3881 411 3930 3
437 3879 650 3930 haesitationem
676 3878 824 3930 Beroaldus
849 3893 865 3927 e
891 3877 1079 3929 haesitatione
1101 3877 1125 3927 A
1247 3879 1263 3930 ὅ
1289 3879 1374 3930 suisa

182 3947 382 4066 uemLRXIIII
415 4016 455 4066 De
474 3973 641 4066 Callidromo
659 4015 778 4066 Laberio
796 4014 923 4081 (Laberii
939 4013 966 4080 a)
984 4013 1098 4065 Maximi
1110 4014 1230 4079 fugitiuo
1250 4015 1307 4067 .L.
1322 4015 1344 4066 A

182 4082 347 4149 8Apuleius
368 4085 391 4132 A
461 4086 491 4134 12
510 4082 621 4135 Valerio
640 4084 760 4134 Maximo
783 4085 815 4134 L.
836 4084 927 4134 Carrio
946 4084 1043 4135 emend.
1062 4083 1107 4132 17
1178 4084 1210 4133 18
1230 4083 1371 4148 atquibus

182 4151 340 4217 insignibus
358 4157 473 4203 ornatus
490 4151 590 4203 fuisset
609 4152 753 4202 Coronaeus
780 4156 808 4203 et
835 4152 911 4203 cuius
930 4155 1043 4203 ornatus
1070 4151 1171 4201 fuisset
1191 4150 1299 4203 Orelliua
1316 4166 1370 4201 cum

183 4221 245 4300 aliis
265 4219 362 4284 quibus
380 4225 493 4272 ornatus
512 4220 611 4271 fuisset
628 4221 795 4272 Mommsenus
898 4223 928 4271 21
948 4219 1175 4286 aposphragisma
1193 4234 1209 4268 a
1229 4218 1371 4288 aposphar·

183 4289 350 4408 gismEXAXV
368 4358 409 4407 De
429 4361 592 4408 testamento
610 4356 697 4422 Largi
716 4356 787 4410 .LI.
807 4358 830 4406 A
898 4359 931 4407 24
949 4353 1079 4422 nondum]
1100 4371 1250 4420 numquam
1269 4355 1369 4407 Orellira

250 4426 282 4474 25
302 4424 415 4496 scilicet,
427 4425 527 4476 iudicio
546 4430 593 4476 tuo
612 4425 729 4475 credidit
748 4425 894 4477 Beroaldus
920 4425 1031 4476 scilicet
1057 4423 1160 4475 iudicio
1179 4429 1227 4475 tuo
1247 4423 1368 4475 creditA

184 4493 229 4542 sed
248 4492 350 4542 iudicio
369 4498 415 4543 tuo
435 4493 547 4544 credens
565 4495 710 4544 Coronaeus
766 4496 799 4544 28
817 4495 977 4560 praeceptis
999 4495 1146 4544 Thomasius
1164 4492 1340 4558 perceptisA

183 4564 214 4613 29
233 4561 380 4612 Tianorum
399 4563 476 4613 editio
496 4561 653 4613 Basileensis
671 4563 833 4613 theanorum
850 4563 873 4610 A
