3024 5062
424 316 668 366 nrrsrumsuu
691 317 728 364 11.
754 313 793 361 11.
816 309 853 376 (a.
870 308 999 375 ar-roo)
1266 300 1309 363 45

119 471 320 535 audientium
347 470 484 534 adsensu
512 492 608 554 quam
636 469 850 535 sollicitudine
877 490 963 533 mea:
999 469 1065 532 dixi
1091 467 1178 532 horis
1204 490 1308 553 paene

118 573 269 657 quinque.
314 594 391 636 nam
413 572 578 636 duodecim
602 563 791 656 clepsydris,
814 592 893 655 quas
908 569 1157 654 spatiosissimas
1180 592 1308 654 accepe-
1346 621 1351 640 .

118 696 203 758 ram,
226 677 302 739 sunt
324 674 450 737 additae
465 676 626 758 quattuor.
657 674 735 738 adeo
750 672 805 736 illa
826 673 897 757 ipsa
919 693 999 755 quae
1022 671 1100 735 dura
1123 675 1155 736 εὴ
1177 672 1309 736 adversa

118 777 241 840 dicturo
263 774 454 839 videbantur
476 774 615 840 secunda
637 767 758 839 dicenti
779 775 921 838 fuerunt.
952 772 1068 840 Caesar
1089 773 1216 858 quidem
1237 772 1360 837 tan-15

92 881 185 943 stum
208 876 287 941 mihi
309 875 465 959 studium,
488 879 615 941 tautam
631 879 728 941 etiam
745 899 853 941 curam
874 875 1023 961 (nimium
1039 878 1087 939 est
1103 876 1188 939 enim
1203 875 1308 940 dicere

118 978 379 1064 sollicitudinem)
407 978 586 1062 praestitit,
615 981 652 1043 ut
677 977 827 1042 libertum
855 999 960 1041 meum
989 979 1063 1061 post
1089 999 1140 1040 me
1168 980 1309 1042 stantem

118 1082 244 1165 saepius
272 1079 473 1163 admoneret,
507 1071 578 1145 voci
606 1081 761 1164 laterique
789 1079 1004 1161 consulerem,
1040 1100 1111 1142 cum
1138 1101 1189 1143 me
1217 1078 1309 1143 vehe-

117 1183 257 1252 mentius
284 1184 412 1267 putaret
440 1181 581 1264 intendi,
617 1204 712 1266 quam
740 1181 904 1266 gracilitas
936 1201 1008 1243 mea
1035 1181 1162 1263 perpeti
1188 1185 1307 1265 posset.

12 1360 14 1370 θ
118 1283 282 1368 respondit
296 1282 376 1346 mihi
390 1306 448 1368 pro
463 1283 629 1348 Marciano
650 1282 801 1348 Claudius
816 1282 1033 1346 Marcellinus,
1064 1282 1180 1346 missus
1195 1283 1309 1347 deinde
1320 1282 1359 1345 16

82 1388 249 1449 1⁰senatus
273 1389 306 1448 et
327 1388 493 1449 revocatus
516 1385 550 1448 in
572 1389 751 1470 posterum:
772 1406 876 1468 neque
899 1385 985 1448 enim
1006 1384 1072 1447 iam
1086 1383 1232 1448 inchoari
1253 1407 1308 1469 po-

117 1489 202 1551 terat
224 1486 325 1569 actio,
355 1486 419 1551 nisi
447 1491 484 1550 ut
509 1490 615 1552 noctis
643 1488 828 1551 interventu
855 1485 1064 1550 scinderetur.
1107 1488 1234 1569 postero
1256 1487 1307 1550 die
1320 1485 1358 1549 17

117 1589 199 1652 dixit
230 1610 288 1673 pro
310 1587 414 1653 Mario
437 1587 561 1654 Salvius
589 1589 760 1672 Liberalis,
795 1589 844 1653 vir
875 1587 1002 1652 subtilis
1035 1588 1207 1672 dispositus
1236 1611 1309 1653 acer

117 1691 271 1774 disertus,
292 1691 328 1754 in
348 1690 405 1754 illa
425 1712 500 1755 vero
515 1712 611 1754 causa
630 1711 740 1754 omnes
763 1693 845 1754 artes
867 1711 940 1754 snas
962 1689 1107 1774 protulit.
1144 1691 1310 1773 respondit

117 1791 284 1858 Cornelius
298 1792 429 1856 Tacitus
449 1792 707 1877 eloquentissime
730 1795 778 1876 et,
801 1793 885 1876 quod
907 1793 1058 1856 eximium
1079 1791 1218 1856 orationi
1241 1794 1308 1856 eius

81 1911 104 1951 1⁵
116 1895 219 1979 inest,
243 1900 373 1976 ceuvdrc.
418 1895 499 1958 dixit
519 1915 577 1979 pro
599 1892 703 1957 Mario
725 1916 834 1958 rursus
856 1893 976 1958 Fronto
993 1892 1101 1959 Catius
1123 1893 1306 1977 insigniter,
1319 1891 1359 1955 18

117 1999 215 2081 utque
236 1997 302 2060 iam
323 1995 411 2060 locus
432 1996 486 2060 ille
508 1996 677 2079 poscebat,
706 1995 778 2079 plus
805 1995 840 2058 in
862 1995 1010 2080 precibus
1032 1996 1185 2080 temporis
1213 2017 1308 2079 quam

115 2099 150 2162 in
173 2098 358 2163 defensione
381 2099 589 2182 consumpsit.
624 2097 717 2162 huius
739 2098 898 2161 actionem
922 2119 1053 2181 vespera
1074 2097 1220 2180 inclusit,
1241 2120 1309 2162 non

116 2203 226 2264 tamen
249 2200 296 2264 sio
319 2204 355 2264 nt
376 2200 591 2284 abrumperet.
628 2199 737 2283 itaque
764 2199 799 2262 in
827 2199 960 2262 tertium
988 2199 1073 2262 diem
1101 2199 1308 2283 probationes

117 2303 275 2367 exierunt.
318 2301 382 2365 iam
404 2301 465 2366 hoc
480 2303 585 2387 ipsum
599 2298 769 2385 pulchrum
792 2310 825 2365 et
840 2300 1024 2384 antiquum,
1049 2303 1198 2365 senatum
1212 2305 1307 2366 nocte

80 2422 104 2460 20
118 2402 241 2487 dirimi,
264 2403 370 2467 triduo
392 2405 514 2487 vocari,
537 2403 643 2468 triduo
667 2402 835 2466 contineri.
863 2400 1022 2467 Cornutus
1037 2401 1209 2486 Tertullus,
1235 2425 1308 2468 con·
1320 2402 1360 2466 19
1424 2468 1430 2478 ,

116 2505 166 2569 sul
189 2505 392 2590 designatus,
416 2505 466 2568 vir
488 2505 637 2590 egregius
660 2506 692 2568 εὴ
714 2525 772 2587 pro
788 2503 920 2568 veritate
942 2503 1159 2587 firmissimus,
1184 2505 1309 2570 censuit

117 2606 325 2690 septingenta
339 2607 428 2687 milia
444 2629 525 2692 quae
541 2611 710 2691 acceperat
723 2605 845 2670 Marius
865 2605 988 2669 aerario
1009 2605 1188 2688 inferenda,
1205 2606 1308 2670 Mario

116 2709 195 2772 mbo
216 2708 374 2793 Italiaque
395 2709 668 2791 interdicendum,
692 2707 856 2771 Marciano
878 2705 940 2771 hoc
962 2706 1099 2790 amplius
1122 2707 1244 2771 Africa.
1273 2709 1308 2771 in

116 2810 181 2873 fine
203 2810 383 2874 sententiae
399 2810 531 2893 adiecit,
555 2809 638 2894 quod
661 2831 721 2894 ego
744 2812 777 2873 et
791 2807 922 2872 Tacitus
937 2809 1084 2872 iniuncta
1100 2808 1308 2874 advocatione

79 2931 103 2970 25
117 2911 290 2996 diligenter
317 2914 349 2975 et
369 2911 497 2975 fortiter
517 2911 623 2976 functi
651 2933 808 2994 essemus,
837 2910 986 2974 arbitrari
1013 2912 1160 2974 senatum
1181 2911 1228 2975 ita
1249 2933 1308 2975 nos

115 3012 246 3095 fecisse,
276 3016 313 3077 ut
334 3013 468 3098 dignum
489 3014 649 3078 mandatis
679 3013 825 3096 partibus
847 3013 956 3077 fuerit.
1002 3012 1213 3077 adsensernnt
1236 3013 1360 3077 eon-20

117 3115 201 3179 sules
229 3113 406 3200 designati,
441 3137 551 3179 omnes
581 3114 678 3179 etiam
711 3114 894 3179 considares
926 3136 1025 3199 usque
1053 3114 1093 3177 ad
1121 3113 1309 3200 Pompeium

51 3275 54 3283 .
117 3214 300 3300 Collegam:
328 3217 382 3281 ille
410 3220 443 3282 et
470 3217 678 3303 septingenta
706 3216 795 3280 milia
826 3216 948 3281 aerario
969 3215 1140 3280 inferenda
1168 3219 1201 3280 et
1222 3217 1307 3281 Mar-

117 3317 245 3382 cianum
277 3318 313 3382 in
345 3319 598 3405 quinquennium
629 3318 855 3403 relegandum,
888 3317 1028 3381 Marium
1060 3319 1308 3401 repetundarum

78 3441 104 3481 so
116 3440 255 3503 poenae,
278 3441 375 3504 quam
396 3421 460 3485 iam
482 3443 595 3506 passus
618 3424 716 3506 esset,
742 3421 866 3485 censuit
887 3420 1142 3505 relinquendum.
1166 3423 1259 3484 erant
1273 3422 1357 3484 11121

115 3611 317 3622 —..-—-

186 3748 199 3796 1
219 3763 356 3798 consensu
373 3750 417 3811 Dp
487 3751 502 3798 2
520 3743 676 3814 duodecim]
696 3749 776 3799 XXII
793 3762 810 3810 p
828 3747 879 3798 XX
899 3747 1043 3798 Coronaeus
1061 3747 1156 3798 decem
1173 3750 1246 3812 culpo

117 3816 271 3881 clepsidrys
288 3817 316 3864 li
385 3817 630 3880 spaciosissimel'
654 3817 908 3881 speciosissimasr
976 3816 1143 3866 eonditor
1212 3817 1307 3880 lqui-

117 3883 179 3932 dem
197 3899 244 3933 om.
263 3897 279 3946 p
365 3884 431 3934 mihi
449 3890 557 3934 tantum
575 3882 656 3946 μὴ
740 3885 854 3935 betium
873 3899 964 3934 curam
983 3900 1052 3934 corr.
1071 3899 1163 3933 curam
1183 3885 1307 3933 etiami)

117 3966 212 4000 curam
231 3953 315 4000 etiam
332 3966 368 4014 pr
453 3953 599 4003 8incendi
617 3965 653 4006 νς
741 3955 772 4002 10
790 3949 855 4017 iam]
881 3953 977 4002 tamV
1064 3954 1095 4001 11
1115 3953 1188 4001 actio
1206 3952 1260 4001 nisi
1277 3958 1309 4002 nt

116 4020 206 4069 noctis
223 4019 317 4074 Urs
340 4020 458 4070 actionis
482 4025 512 4069 ut
534 4021 662 4071 noctisD
685 4021 759 4070 actio
782 4022 837 4070 nisi
859 4021 950 4070 noctis
973 4020 1039 4082 Fpa
1133 4021 1307 4069 interuentus

116 4087 336 4137 scinderenturr
403 4088 447 4138 die
466 4104 560 4147 om.a¹
618 4090 648 4137 12
667 4088 785 4138 sacer!
856 4091 887 4139 13
900 4083 962 4153 illa]
981 4089 990 4135 i
1012 4103 1044 4137 sa
1061 4085 1144 4149 Dpr*
1215 4090 1246 4136 14
1266 4083 1306 4153 et]

116 4160 179 4204 utr
265 4155 324 4206 eius
342 4158 446 4218 nvnp
464 4171 530 4206 suae
547 4168 596 4218 rs,
615 4173 661 4206 om.
678 4157 723 4205 Fa
809 4156 840 4205 15
860 4104 1009 4207 (ClditOdJ
1020 4156 1088 4218 HF,
1107 4157 1134 4205 in
1151 4159 1243 4204 lacuna
1261 4172 1308 4206 om.

115 4237 151 4286 pr
221 4226 397 4274 leaenarum
416 4238 496 4277 arur
569 4226 602 4274 20
619 4223 711 4273 dirimi
728 4224 802 4287 Πῦρ
821 4225 974 4288 Pomponius
992 4225 1089 4273 Laetus
1107 4223 1250 4272 dirimitV
1268 4223 1308 4272 di-

117 4291 189 4340 mitti
206 4292 246 4339 rr
265 4291 409 4343 Beroaldus
425 4307 443 4341 a
511 4292 637 4342 reuocari
654 4289 739 4354 Dpr*
808 4291 965 4343 tertulnsV
1033 4293 1065 4340 21
1085 4306 1134 4355 pro
1152 4291 1240 4340 onai*

116 4362 150 4408 22
168 4357 355 4424 septingenta]
375 4358 450 4410 cer
528 4361 672 4426 acciperat
689 4362 717 4408 n
795 4361 829 4411 24
848 4357 930 4426 quod]
951 4361 1032 4424 quip
1101 4360 1200 4407 latitas
1218 4360 1240 4407 V

115 4429 150 4477 25
167 4426 315 4492 diligenter
332 4429 495 4493 fortiterque
513 4425 593 4491 pr*a
661 4430 693 4479 26
712 4425 904 4478 adsenseritlt
972 4429 1006 4478 28
1024 4431 1053 4478 et
1069 4425 1140 4476 VCO
1159 4426 1267 4477 miliar

116 4494 193 4546 milia
211 4509 282 4558 quae
302 4502 453 4561 acceperut
470 4496 573 4546 Marius
592 4496 701 4546 aerario
719 4511 736 4544 a
804 4494 919 4546 ferenda
937 4510 951 4544 r
1036 4497 1068 4546 29
1086 4492 1128 4559 in]
1149 4499 1208 4545 etr
1276 4497 1309 4547 30

117 4560 210 4630 quam]
230 4579 249 4634 q
267 4561 304 4628 (lt.
322 4581 344 4615 e.
364 4563 479 4629 quia)1¹
549 4565 697 4615 consulti)
767 4569 847 4614 erant
863 4570 981 4628 utraque
998 4565 1021 4612 1)
