3024 5062
625 298 832 346 PRAEFATIO.
1263 300 1330 347 XIII

135 451 228 514 docet
248 449 345 513 index
367 448 458 534 libri,
481 449 516 513 in
538 472 601 534 quo
623 450 760 533 epistula
783 471 840 514 suo
862 450 932 515 loco
953 449 1097 513 indicata
1125 453 1183 514 est.
1220 471 1329 534 quam·
1431 438 1435 449 ⁸

133 573 246 635 quam,
281 551 356 615 dum
382 551 451 634 ipse
480 551 577 615 codex
605 558 751 635 repertus
778 551 892 634 fuerit,
928 553 1015 615 certo
1041 550 1176 614 iudicari
1204 551 1326 635 nequit,

133 657 242 717 utrum
269 675 307 717 ex
335 652 396 717 hoe
423 653 623 737 Marcianus,
661 676 704 718 an
737 675 776 717 ex
810 653 970 717 communi
993 651 1167 736 archetypo
1199 656 1331 736 uterquc

134 755 217 819 liber
239 755 416 838 descriptus
439 755 490 818 sit.
1092 812 1096 822 .

218 856 269 920 110
291 856 477 921 Florentino
501 856 532 922 S.
556 856 658 921 Marci
682 857 790 921 codice
813 857 991 940 descriptus
1014 859 1063 920 est
1084 854 1258 920 Beruensis
1272 856 1332 921 136

129 961 247 1025 memb.
270 960 326 1024 fol.
350 981 433 1024 saec.
457 960 536 1044 XII,
561 960 596 1024 in
618 981 680 1044 quo
701 963 776 1044 post
791 959 939 1044 Gregorii
961 957 1110 1023 homilias
1133 957 1230 1022 iidem
1251 957 1324 1022 libri

130 1063 260 1144 Apuleii
283 1065 315 1126 et
337 1061 436 1126 Plinii
459 1061 614 1145 epistulae
637 1063 657 1124 l.
680 1061 770 1126 I-V
791 1063 827 1145 6,
857 1061 972 1127 deinde
994 1060 1190 1140 nonnullae
1213 1061 1328 1125 000110

75 1181 78 1186 ·
129 1185 189 1226 000
212 1161 376 1227 Ciceronis
400 1164 539 1247 scriptae
561 1167 647 1228 sunt.
684 1167 850 1247 praeterea
881 1163 936 1227 alii
965 1165 1095 1226 centum
1118 1163 1326 1246 epistularum

130 1265 206 1328 libri
229 1265 407 1348 complures
431 1268 553 1330 extant.
592 1265 745 1350 equibus
774 1287 853 1349 quos
880 1265 950 1348 ipse
977 1264 1043 1329 vidi
1072 1262 1123 1328 vel
1150 1263 1221 1328 01110
1249 1264 1331 1328 indi-

129 1367 277 1430 cantibus
317 1367 452 1451 cognovi
485 1369 562 1430 0001
593 1367 644 1449 hi,
678 1365 817 1429 Parisini
840 1365 923 1430 8558
945 1365 1062 1428 memb.
1097 1363 1152 1428 tol.
1187 1386 1213 1428 s.
1236 1364 1325 1448 XIV,

129 1468 216 1532 8560
239 1467 340 1532 chart.
357 1469 413 1532 fol.
438 1491 463 1533 s.
480 1468 551 1552 XV,
570 1469 652 1533 8607
677 1468 778 1532 chart.
802 1469 823 1530 4
845 1490 874 1531 a.
899 1466 982 1531 1454
1004 1465 1152 1549 scriptus,
1175 1466 1330 1531 Vaticani

132 1571 214 1633 1777
237 1570 294 1634 fol.
318 1593 344 1634 0.
367 1570 429 1635 XV
452 1574 484 1634 et
508 1571 589 1634 1778
618 1571 733 1634 memb.
757 1571 778 1632 4
800 1592 825 1633 s.
849 1568 942 1650 XIV,
973 1566 1210 1631 Ottobonianus
1232 1567 1327 1651 3305,
1360 1588 1366 1601 ‘

127 1671 365 1736 Laurentianus
378 1673 431 1756 47,
442 1675 482 1737 37
497 1695 522 1736 0.
538 1672 610 1761 XV,
627 1673 832 1736 Pistoriensis
848 1671 908 1736 139
924 1670 1026 1734 chart.
1051 1669 1070 1734 8
1089 1691 1114 1732 0.
1130 1666 1203 1732 XV.
1227 1669 1281 1733 sed
1296 1669 1330 1732 hi

128 1794 241 1838 omnes
264 1796 336 1837 curn
357 1773 544 1838 Florentino
577 1773 684 1838 codice
702 1774 761 1838 ita
790 1772 1013 1854 consentiunt,
1047 1775 1084 1834 ut
1112 1793 1150 1834 00
1172 1769 1233 1834 hoc
1254 1770 1324 1855 ipso

130 1875 309 1959 descriptos
331 1896 399 1940 esse
422 1876 541 1959 partim
565 1878 687 1938 certum
708 1875 828 1958 partim
849 1872 1016 1958 probabile
1039 1872 1091 1936 011.
1123 1875 1208 1936 00010
1223 1871 1329 1935 001100

129 1977 301 2060 quicquam
323 1977 414 2058 novi,
439 1976 522 2059 quod
545 1998 583 2040 ex
605 1976 660 2039 illo
682 1977 757 2060 peti
772 1998 839 2040 non
860 1975 1016 2059 potuerit,
1041 1973 1156 2038 adfert.
1195 1973 1329 2038 eandem

130 2077 290 2161 originem
306 2099 383 2161 prae
399 2099 432 2141 se
448 2078 558 2141 ferunt
572 2090 721 2157 excerpta
741 2085 937 2157 epistolarum
950 2084 1040 2155 plinii
1045 2128 1052 2149 ,
1076 2097 1157 2159 quae
1171 2075 1207 2138 in
1221 2076 1325 2140 tribus

129 2178 309 2261 codicibus,
332 2178 512 2263 Regimensi
536 2181 619 2244 1575
641 2202 665 2243 0.
689 2180 784 2260 XIII,
808 2179 969 2243 Vaticano
984 2179 1066 2242 3087
1090 2176 1324 2260 011110100-

128 2280 278 2343 rentiano
301 2279 420 2344 Strozz.
446 2281 502 2364 75,
527 2281 647 2363 0001010
669 2283 760 2362 0001,
784 2287 955 2359 Numquam
978 2293 1005 2344 te
1027 2285 1160 2358 obsequie·
1178 2287 1321 2359 peniteat.

126 2387 256 2444 humiles
277 2393 305 2445 et
327 2389 471 2447 sordidus
492 2403 584 2447 curus
606 2390 675 2447 attis
697 2389 811 2447 mondo
836 2421 870 2428 —
902 2387 1014 2446 acerbe
1036 2402 1153 2459 semper
1174 2388 1327 2446 011000-

126 2495 200 2547 mm
228 2505 307 2546 mors
329 2505 433 2548 eorum
456 2492 510 2567 001
529 2492 698 2548 immortale
720 2491 838 2564 0110010
856 2497 980 2563 purum.
1019 2483 1155 2567 denique
1187 2484 1327 2548 Vincen-

128 2585 195 2648 tius
224 2583 478 2667 Bellovacensis,
509 2587 562 2669 qui
591 2587 626 2649 in
655 2585 791 2669 Speculo
818 2585 976 2649 historiali
1003 2585 1023 2647 l.
1048 2583 1078 2646 X
1106 2606 1132 2647 e.
1157 2585 1196 2648 67
1226 2584 1325 2649 Plinii

127 2686 293 2769 ‘epistolas
310 2688 350 2750 ad
365 2687 505 2751 diversos
522 2689 648 2752 circiter
666 2690 794 2751 centurn
817 2708 850 2750 00
866 2686 1061 2769 repperisse'
1084 2685 1197 2749 scribit
1219 2689 1251 2748 et
1274 2687 1324 2750 ‘de

126 2787 222 2851 huius
252 2789 395 2870 epistolis
423 2811 540 2872 paucos
567 2789 661 2853 fiores
691 2789 850 2872 excerpsit
859 2797 878 2869 ²,
906 2787 1003 2851 slmili
1032 2787 1139 2851 codice
1161 2809 1236 2851 usus
1264 2793 1322 2851 001.

127 2912 205 2952 nam
227 2889 307 2953 haec
329 2912 453 2975 quoque
475 2895 626 2975 excerpta
649 2894 685 2955 ut
707 2913 744 2955 eo
766 2911 899 2955 numero
922 2888 1148 2972 epistularum,
1172 2911 1267 2973 quem
1288 2889 1323 2952 in

125 2991 178 3054 his
202 2991 362 3055 codicibus
378 2993 533 3076 scriptum
549 3015 616 3057 esse
632 2994 715 3076 dixi,
740 2993 957 3073 continentur,
980 2990 1027 3054 ita
1048 3012 1167 3075 genere
1190 2991 1326 3073 scriptu·

125 3115 181 3156 rae
204 3093 314 3156 eodem
337 3097 537 3157 revocantur.
568 3095 720 3178 quoniam
741 3094 842 3178 igitur
860 3095 896 3156 10
918 3092 968 3155 his
988 3092 1078 3156 libris
1100 3093 1150 3156 001
1167 3093 1325 3177 excerptis

125 3193 216 3257 nihil
232 3198 394 3278 repertum
417 3199 465 3259 est
487 3218 549 3280 quo
570 3201 645 3280 post
667 3197 888 3261 Florentinum
917 3195 1014 3258 facile
1037 3217 1144 3259 carere
1166 3217 1232 3260 non
1254 3218 1325 3279 pos-

125 3296 243 3378 simus,
281 3296 343 3360 hoc
379 3320 443 3360 000
480 3301 512 3361 01
547 3299 658 3381 paucis
694 3299 758 3362 illis
795 3319 876 3382 quae
913 3319 930 3361 0
967 3297 1180 3362 Riccardiano
1217 3298 1325 3362 codiee

126 3398 236 3461 adlata
265 3402 340 3461 sunt
368 3421 491 3463 ornnem
517 3399 610 3463 huius
639 3402 766 3484 generis
797 3400 940 3463 codicum
967 3400 1152 3463 memorium
1180 3403 1325 3464 constare

128 3500 226 3563 volui.

211 3600 327 3666 Restat
359 3624 496 3687 magnus
529 3627 680 3668 numerus
715 3606 858 3668 codicum
896 3604 1008 3688 quinto
1040 3603 1162 3668 decimo
1196 3606 1324 3671 saeculo

124 3705 334 3788 scriptorum,
366 3706 400 3768 in
423 3706 538 3788 quibus
560 3710 692 3770 octavus
715 3707 925 3790 epistularum
954 3705 1034 3769 liber
1056 3706 1207 3789 omissus,
1231 3708 1322 3790 quin-

123 3810 176 3869 tus
199 3810 308 3869 autem
331 3816 363 3870 et
385 3830 505 3891 nonus,
535 3809 589 3892 qui
612 3810 646 3873 in
668 3809 733 3873 illis
755 3809 859 3873 octavi
887 3810 957 3873 loco
979 3808 1102 3892 positus
1125 3812 1188 3892 est,
1217 3814 1323 3874 vetere

124 3908 335 3991 epistularum
350 3909 461 3973 ordine
476 3910 663 3993 perturbato
685 3911 732 3974 ita
755 3910 901 3994 dispositi
916 3911 1079 3994 feruntur,
1103 3914 1140 3973 01
1161 3912 1193 3975 10
1210 3913 1323 3994 quinto

124 4010 200 4072 inde
223 4010 264 4072 ab
287 4012 400 4074 octava
423 4002 561 4094 epistula
576 4012 718 4096 reliquae
734 4013 780 4075 sic
795 4034 829 4075 se
845 4013 1023 4095 excipiant,
1048 4012 1100 4077 21.
1119 4013 1168 4076 15.
1187 4013 1321 4076 10-14.

127 4111 264 4174 16-20,
282 4113 316 4196 93
339 4112 474 4177 100000
491 4117 598 4178 autem
613 4115 673 4198 sio,
704 4116 733 4178 1.
756 4113 788 4177 2.
810 4114 841 4178 6.
866 4115 894 4177 7.
919 4114 949 4176 9.
975 4114 1023 4177 12.
1048 4115 1098 4177 17.
1121 4114 1173 4176 21.
1196 4114 1248 4177 24.
1270 4114 1322 4179 25.

128 4214 181 4276 30.
205 4215 257 4278 31.
281 4215 332 4278 32.
356 4216 386 4279 3.
409 4215 440 4279 4.
464 4217 493 4280 5.
518 4217 548 4280 8.
574 4216 622 4280 10.
648 4219 697 4280 11.
731 4217 779 4280 13.
811 4215 861 4279 14.
891 4216 941 4279 15.
969 4215 1017 4278 18.
1049 4215 1099 4278 19.
1122 4216 1175 4280 20,
1197 4216 1248 4282 22.
1270 4217 1321 4281 23.

125 4314 176 4377 26.
200 4314 251 4379 27.
274 4316 327 4380 28.
351 4316 402 4380 29.
426 4318 568 4381 33-40;
603 4340 680 4381 nam
707 4320 798 4381 sexta
831 4317 953 4382 decima
981 4318 1059 4381 noni
1088 4317 1162 4381 libri
1185 4319 1322 4403 epistula

123 4417 158 4478 in
180 4415 231 4479 his
255 4418 417 4482 codicibus
439 4419 667 4502 praetermissa
687 4423 745 4484 est.
784 4420 843 4483 hos
864 4420 964 4504 igitur
986 4441 1097 4484 omnes
1120 4441 1159 4484 ex
1185 4442 1249 4484 uno
1272 4442 1320 4485 eo-

123 4538 184 4600 que
208 4519 448 4603 eorruptissimo
470 4520 645 4605 archetypo
665 4522 776 4584 ductos
799 4543 867 4586 esse
884 4522 1060 4586 communis
1082 4524 1225 4588 omnium
1248 4546 1320 4588 oon·
