3024 5062
187 304 299 352 XXXVI
674 305 884 356 PRAEFATIO.

187 465 268 522 nium
290 465 423 539 scriptae
444 465 475 522 in
503 464 648 523 breuitate
668 465 836 540 Laconica,
866 482 944 540 quae
971 468 1001 524 in
1025 467 1179 541 epistolica
1201 467 1384 526 charactere

185 565 272 623 baud
289 581 400 637 purum
422 565 510 625 babet
532 567 797 625 concinnitudinis
836 567 902 625 llas
910 569 1056 642 proxime
1076 569 1240 641 recoqnoui
1259 584 1378 627 emacu-

186 667 323 740 latusque
345 682 408 725 unu
430 683 497 726 cum
521 668 713 744 Paneqqrico
735 670 952 743 imprimendos
980 670 1053 727 dedi
1074 671 1236 730 Benedicta
1258 671 1383 745 impres-

185 770 248 827 sori
268 768 504 844 bibliopoloeque
518 772 748 843 eliquatissima.
782 768 932 844 Quicquid
945 771 978 830 id
992 777 1049 847 est,
1081 771 1204 841 Lector,
1228 772 1297 830 boni
1309 785 1383 830 coa·

185 873 258 928 sule.
287 865 322 928 in
344 865 408 928 fine
431 869 588 930 Bononiae
615 872 701 946 apud
722 871 916 931 Benedictam
940 871 1078 932 Hectoris
1099 874 1149 932 die
1169 871 1255 932 XXI
1259 873 1293 933 V.
1331 872 1383 931 Ia-

185 973 291 1031 nuorii
312 973 356 1030 M.
381 973 418 1030 D.
442 971 487 1031 II.
501 970 532 1040 *l
555 971 665 1031 secuta
687 970 736 1031 est
758 967 871 1031 deinde
894 991 921 1032 a.
940 969 1023 1033 1506
1052 969 1149 1032 editio
1172 968 1380 1051 Catanuei,

99 1134 103 1139 ,
185 1069 297 1152 quiin
320 1067 457 1150 epistula
485 1067 524 1130 ad
547 1069 752 1131 Ambrosium
774 1067 928 1151 Maynum
958 1070 986 1134 ei
1014 1069 1101 1153 parti
1129 1068 1277 1133 editionis
1300 1090 1382 1154 quae

184 1169 247 1233 huc
269 1169 413 1252 pertinet
433 1169 610 1252 praemissa
632 1169 670 1232 de
693 1190 790 1252 opera
813 1191 869 1232 sua
891 1170 1005 1234 scribit
1025 1170 1120 1256 haec,
1142 1177 1257 1236 Fateor
1279 1180 1379 1235 tamen

186 1292 305 1334 neccsse
332 1282 376 1334 est
390 1277 525 1350 primum
553 1275 638 1334 nobis
666 1278 696 1335 in
725 1279 825 1334 animo
844 1276 941 1348 fuisse
962 1279 1018 1337 itas
1039 1282 1172 1338 intactus
1193 1278 1380 1352 relinquere:

186 1383 215 1434 et
235 1380 308 1450 quia
331 1392 390 1436 uno
412 1382 528 1436 tantum
550 1379 724 1453 exemplari
745 1384 871 1453 praeter
898 1380 1046 1455 impressa
1072 1396 1128 1440 nec
1149 1381 1199 1439 iilo
1222 1380 1382 1439 admodum

185 1485 299 1538 uetusto
332 1480 431 1538 adiuti
456 1478 593 1551 fuimus:
624 1487 653 1538 et
683 1495 722 1537 ne
748 1482 859 1541 iccirco
893 1496 1000 1540 ansam
1027 1481 1181 1541 maledicis
1203 1480 1387 1556 obiurqandi

185 1582 332 1640 daremus.
370 1580 433 1640 Sed
452 1597 519 1640 cum
542 1581 633 1640 altius
654 1582 967 1658 consuderauissemus
994 1585 1107 1643 nullom
1135 1599 1195 1644 non
1223 1584 1385 1658 quamlibet

184 1682 360 1742 oblatrandi
381 1685 567 1743 occasionem
590 1686 729 1756 quamuis
750 1685 884 1758 iniquam
907 1686 1092 1745 detractores
1107 1692 1330 1759 aucupaturos:
1353 1692 1382 1745 et

179 1787 345 1859 puritatem
368 1786 459 1844 latini
477 1786 623 1845 sermonis
645 1788 674 1843 in
705 1786 763 1845 boc
785 1787 928 1859 opusculo
955 1789 1158 1847 intueremur:
1191 1804 1232 1847 ea
1261 1788 1383 1860 eiusque

184 1888 311 1946 lectione
333 1890 493 1947 muitarum
516 1904 618 1946 rerum
640 1889 826 1946 commodum
849 1889 956 1947 multos
971 1895 1197 1948 consecuturos:
1220 1889 1383 1963 quibusque

180 1991 322 2063 priorum
345 1991 431 2049 stilus
446 1993 601 2063 pressior:
623 1994 652 2047 et
672 1991 839 2048 emunctior
861 2005 920 2049 non
940 1991 1122 2065 placuisset:
1144 2007 1235 2065 posse
1256 1991 1313 2049 boc
1335 2006 1382 2049 so-

185 2092 312 2149 lutiore:
334 2092 384 2148 uel
400 2089 548 2162 faciliore
570 2092 713 2150 detineri:
735 2091 927 2151 adhibuimus
948 2109 1029 2151 cam:
1053 2108 1142 2165 quam
1162 2094 1314 2167 potuimus
1336 2092 1381 2150 di-

184 2194 356 2266 liqeatiam:
385 2200 413 2251 ct
434 2193 640 2253 emendando:
670 2198 699 2251 et
726 2192 955 2268 interpretando
977 2200 1079 2269 spreta
1102 2194 1274 2254 inuidorum
1295 2195 1382 2253 maii-

185 2297 328 2354 uoientia'.
366 2292 501 2373 utraque
530 2292 635 2353 autem
659 2289 755 2352 editio
778 2311 816 2353 ex
839 2289 972 2354 Avantii
995 2289 1140 2373 exemplo
1161 2291 1208 2354 ita
1231 2312 1381 2375 expressa

189 2394 253 2473 est,
277 2395 313 2456 ut
335 2413 552 2475 quaecumque
573 2394 698 2456 mutata
727 2394 804 2455 sunt
826 2391 1018 2456 coniecturis
1034 2392 1190 2456 editorum
1212 2391 1383 2456 tribuenda

186 2493 263 2556 sint.
301 2515 377 2557 nam
400 2492 483 2577 quod
506 2492 686 2558 Catenaeus
714 2493 953 2577 manuscripto
981 2493 1154 2577 exemplari
1182 2515 1216 2558 se
1239 2494 1382 2557 adiutum

186 2616 256 2659 esse
279 2594 441 2679 adfirmat,
465 2595 533 2658 fieri
557 2617 634 2660 sane
656 2595 761 2679 potuit
782 2597 818 2659 ut
849 2594 1071 2679 apographum
1099 2595 1271 2660 earundem
1294 2588 1382 2660 sche-

187 2697 314 2779 darum,
344 2696 458 2779 quibus
480 2696 640 2761 Aventius
663 2717 738 2760 usus
761 2698 847 2778 erat,
877 2716 949 2759 cum
972 2696 1163 2760 coniecturis
1192 2695 1382 2780 quibusdem

185 2820 283 2861 manu
306 2797 435 2881 seriptis
457 2797 606 2882 haberet3
628 2819 732 2883 neque
754 2800 863 2861 tamen
878 2798 1048 2882 quicquam
1064 2819 1102 2862 ex
1123 2798 1253 2862 meliore
1276 2798 1383 2882 aliquo

187 2900 304 2963 codicis
326 2898 513 2983 apographo
536 2899 571 2962 in
594 2899 766 2963 editionem
794 2900 932 2984 recepit,
963 2900 1018 2963 sed
1045 2900 1147 2963 multa
1173 2902 1293 2963 temere
1315 2921 1383 2963 mu-

186 3001 284 3082 tavit,
308 3021 411 3082 pauca
433 3004 520 3065 recte
543 3000 739 3083 emendavit,
764 3021 898 3083 quorum
919 3000 1001 3065 nihil
1017 3004 1082 3086 est,
1106 3002 1189 3086 quod
1204 3001 1293 3066 facili
1310 3022 1382 3066 oon-

186 3102 308 3165 iectura
331 3101 468 3166 inveniri
490 3123 557 3166 non
578 3103 730 3186 potuerit.

271 3203 396 3267 Novam
428 3202 602 3268 editionem
635 3203 756 3267 duobus
789 3204 883 3268 annis
915 3208 989 3288 post
1022 3204 1220 3271 Calanaeum
1255 3208 1383 3289 paravit

187 3304 337 3389 Aldus,
368 3305 421 3388 qui
446 3305 567 3388 primus
589 3309 622 3370 et
644 3305 798 3389 epistulas
827 3292 922 3370 antea
944 3307 1078 3371 omissas
1101 3307 1201 3371 edidit
1223 3310 1256 3373 eb
1277 3311 1382 3373 totum

186 3407 304 3484 librum
336 3410 499 3490 tamquam
527 3406 684 3471 decimum
713 3429 783 3472 cum
812 3430 926 3472 novem
955 3409 1162 3492 epistularum
1190 3409 1280 3474 libris
1309 3431 1382 3473 con-

185 3509 301 3573 iunxit.
334 3507 445 3572 dehac
468 3509 607 3573 editione
630 3509 749 3574 dictum
765 3513 815 3574 est
829 3531 926 3593 supra
948 3534 979 3594 p.
996 3510 1085 3574 XXI.
1102 3511 1158 3575 sed
1186 3532 1382 3597 quamquam

186 3611 298 3675 Aldus¹
322 3610 402 3674 non'
421 3610 522 3674 solum
561 3611 782 3695 apographum
820 3612 938 3676 codicis
971 3635 990 3675 a
1024 3612 1168 3677 iucundo
1202 3612 1382 3677 Veronensi

189 3712 312 3776 factum
350 3712 405 3776 scd
440 3700 549 3776 etiam'
572 3713 678 3796 ipsum
716 3713 856 3776 codicem
898 3736 932 3777 se
968 3713 1118 3777 habuisse
1155 3714 1289 3797 scribit,
1333 3717 1381 3778 te·

186 3836 264 3877 men
296 3835 338 3878 ue
372 3812 448 3877 huic
478 3814 604 3897 quidem
636 3815 671 3877 in
703 3815 743 3878 iis
776 3815 921 3899 epistulis
943 3837 1025 3899 quae
1047 3819 1144 3879 antea
1164 3816 1268 3881 editae
1290 3820 1385 3882 erant

186 3916 288 3980 maior
323 3914 402 3981 fides
440 3914 588 3979 habenda
619 3919 668 3979 est
710 3938 805 4000 quarn
842 3914 999 3980 Beroaldo
1037 3917 1087 3980 vel
1126 3916 1303 4000 Cabenses,
1342 3919 1383 3982 si·

187 4017 313 4100 quidem
347 4015 418 4079 illas
451 4038 518 4080 nou
546 4039 584 4080 ex
617 4038 701 4080 novo
730 4018 915 4103 apographo
947 4019 996 4082 vel
1031 4040 1069 4082 ex
1096 4019 1166 4102 ipso
1195 4020 1302 4084 codice
1330 4019 1383 4084 de-

189 4175 220 4182 ..-
225 4168 389 4178 ,θη--..-

256 4274 282 4338 *)
294 4273 378 4324 Falso
389 4274 455 4324 olim
465 4274 596 4324 creditum
608 4274 785 4324 estBeroaldi
798 4276 948 4326 editionem
961 4278 1079 4341 priorem
1088 4293 1148 4328 esse
1160 4277 1383 4342 quamAvuntin-

188 4359 260 4405 narn,
277 4347 423 4408 propterea
435 4343 507 4406 quod
517 4342 566 4390 illa
579 4357 672 4392 menso
684 4343 821 4405 Ianuario,
841 4343 908 4393 haec
919 4345 993 4394 Maio
1014 4344 1134 4394 eiusdem
1151 4345 1216 4394 anni
1231 4345 1308 4396 fucta
1321 4361 1382 4396 esse

188 4412 296 4463 dicitur.
327 4426 445 4461 errorem
473 4426 507 4460 ex
532 4417 625 4461 vetere
650 4426 781 4460 annorum
805 4413 927 4474 ratione,
955 4413 985 4461 in
1012 4429 1066 4477 qua
1085 4428 1101 4462 u
1122 4413 1256 4463 Kalendis
1274 4414 1383 4463 Martiis

187 4494 297 4546 menses
317 4479 564 4544 computabantur,
592 4485 679 4528 ortum
706 4481 815 4544 aperuit
837 4479 958 4530 Orellius
985 4480 1049 4530 bist.
1070 4481 1130 4530 crit.
1159 4481 1238 4545 epist.
1265 4482 1337 4534 Plin.
1356 4487 1385 4530 et

188 4548 263 4600 Trai.
282 4563 307 4614 p.
326 4549 349 4596 3.
1307 4574 1310 4579 ·
