3024 5062
165 289 225 335 xlv
653 287 862 336 PRAEFATIO.

44 424 53 442 ⁶
159 461 270 504 sensus
291 440 327 503 in
349 438 495 523 plurimis
518 442 550 503 et
571 439 770 523 gravissimis
792 439 879 504 vitiis
907 440 1013 522 docet,
1044 439 1112 504 sive
1133 440 1240 524 ipsum
1260 443 1351 505 vetus

160 541 322 625 exemplar
343 541 390 604 ita
413 543 597 623 corruptum
620 540 687 605 sive
709 541 751 604 ab
771 540 922 624 imperito
945 541 1091 625 homine,
1117 543 1205 607 cuius
1221 562 1356 626 apogra-

160 642 259 726 phum
280 641 411 705 librarii·
427 641 528 706 secuti
550 644 637 725 sunt,
662 641 857 724 descriptum
880 644 959 705 erat.
991 642 1047 707 sed
1063 663 1134 706 curn
1156 643 1191 707 in
1205 647 1356 729 quattuor

158 743 269 828 primis
291 742 382 806 libris
405 743 494 807 etin
515 746 609 827 parte
631 743 736 827 quinti
759 743 958 806 emendatior
985 742 1036 808 vel
1059 747 1146 810 certe
1167 744 1293 810 facilior
1315 746 1355 809 ad

157 843 412 928 intellegendum
433 843 529 908 lectio
558 866 575 909 e
602 843 789 909 Florentino
817 845 925 910 codice
953 845 1049 910 ducta
1078 848 1111 910 et
1139 846 1355 931 compluribus

159 945 394 1030 exemplaribus
415 948 596 1030 propagata
616 945 774 1029 ferretur,
803 944 854 1009 his
882 946 1116 1029 exemplaribus
1138 947 1186 1012 ita
1207 948 1257 1012 usi
1279 952 1356 1012 sunt

157 1047 297 1131 librarii,
320 1049 357 1110 ut
378 1047 429 1109 vel
450 1044 530 1110 hacc
544 1046 651 1130 potius
666 1067 763 1131 quam
778 1051 921 1111 veterem
941 1052 1013 1112 octo
1035 1047 1190 1113 librorum
1214 1049 1355 1114 codicem

159 1149 375 1233 exprimerent
393 1147 445 1212 vel
468 1151 651 1232 corruptam
672 1148 758 1213 illius
781 1149 973 1233 scripturam
1002 1171 1041 1214 ex
1069 1148 1120 1213 his
1143 1150 1352 1235 corrigerent.

157 1250 244 1314 velut
266 1251 301 1314 in
324 1249 501 1314 Oxoniensi
525 1248 648 1334 codice,
671 1271 734 1334 quo
750 1249 878 1315 (lortius
894 1272 970 1314 usus
986 1252 1050 1333 est,
1075 1250 1219 1334 coloso,
1242 1252 1278 1316 in
1292 1273 1355 1334 quo

161 1355 291 1416 centum
312 1351 520 1436 epistularum
534 1351 657 1417 codices
673 1352 840 1435 deficiunt,
865 1351 958 1436 epist.
975 1353 1008 1416 V·
1023 1353 1051 1425 7,
1070 1354 1087 1416 1
1103 1353 1215 1417 eadem
1242 1374 1351 1436 manu,

156 1474 219 1537 qua
240 1453 322 1516 liber
343 1453 481 1537 scriptus
504 1455 566 1536 est,
590 1452 778 1516 adnotatum
800 1452 920 1537 legitur
940 1459 1093 1532 aurasque
1113 1461 1273 1534 exemplar
1290 1459 1355 1531 fuit

157 1560 232 1618 satis
253 1559 451 1619 emendatum.
487 1555 523 1618 in
553 1553 660 1618 codice
683 1558 790 1618 autem
817 1553 1036 1619 Laurentiano
1057 1556 1117 1639 47,
1141 1556 1183 1620 34
1214 1556 1354 1640 primum

160 1677 216 1720 eae
232 1656 388 1740 epistulae
403 1677 484 1741 quae
499 1656 534 1719 in
558 1659 663 1721 vetere
684 1655 872 1720 Florentino
894 1660 971 1721 sunt
994 1679 1066 1721 cum
1088 1655 1139 1721 his
1161 1658 1251 1742 ipsis,
1275 1680 1354 1742 quas

161 1760 273 1841 postea
295 1757 435 1822 adiectas
458 1779 526 1821 esse
549 1757 630 1840 dixi,
655 1758 809 1840 scriptae,
841 1758 957 1823 deinde
985 1759 1151 1842 aliquanto
1173 1759 1351 1823 recentiore
1399 1781 1404 1784 ·

156 1881 255 1923 manu
275 1857 417 1942 reliquae
442 1857 570 1922 additae
598 1861 683 1923 sunt.
722 1861 755 1921 et
781 1858 843 1922 duo
872 1858 926 1922 alii
949 1857 1160 1924 Laurentiani
1181 1861 1234 1945 47,
1257 1862 1298 1925 31.
1322 1864 1355 1924 et

155 1961 214 2044 32,
238 1961 273 2024 in
294 1961 409 2044 quibus
432 1948 562 2043 quintus
584 1959 666 2023 liber
689 1980 761 2023 cum
783 1962 899 2043 quarto
922 1961 1113 2026 coniunctus
1137 1964 1200 2045 cst,
1222 1965 1258 2026 ut
1283 1983 1354 2047 sep-

154 2065 220 2126 tem
242 2062 357 2127 fierent
384 2061 474 2143 libri,
504 2061 644 2144 priorem
672 2063 798 2143 partem
821 2063 969 2125 accurate
992 2083 1009 2125 e
1031 2062 1218 2127 Florentino
1242 2064 1350 2128 codice
1418 2101 1420 2104 ν

155 2162 365 2247 descriptam,
388 2163 598 2247 posteriorem
620 2145 732 2226 ordirie
756 2163 963 2246 epistularum
992 2164 1127 2229 subinde
1149 2168 1273 2230 mutato
1295 2166 1352 2250 (cf.

156 2263 295 2329 Bandin.
320 2263 415 2329 catal.
441 2262 509 2328 cod.
533 2263 684 2327 Laurent.
709 2286 739 2327 v.
763 2262 796 2326 H
818 2285 851 2346 p.
867 2264 944 2349 419)
969 2286 1007 2328 ex
1029 2269 1101 2330 octo
1124 2266 1279 2332 librorum
1301 2289 1354 2332 co-

155 2366 225 2430 dice
252 2367 382 2431 ductam
410 2366 573 2430 exhibent.
617 2365 672 2429 sed
705 2365 820 2449 reliqui
847 2386 971 2449 quoque
998 2365 1093 2430 huius
1120 2370 1251 2452 generis
1278 2369 1354 2434 libri

154 2468 222 2533 fere
243 2490 354 2533 omnes
376 2467 412 2532 in
434 2489 472 2531 ea
486 2471 579 2551 parte
594 2488 689 2551 quam
708 2467 775 2531 dixi
798 2470 854 2530 aut
870 2466 972 2530 solam
988 2470 1118 2531 centum
1141 2469 1353 2553 epistularum

155 2570 348 2654 scripturam
370 2572 427 2634 aut
447 2569 581 2633 mixtam
604 2590 643 2632 ex
659 2568 780 2633 duobus
809 2569 969 2632 veteribus
998 2569 1231 2651 exemplaribus
1259 2593 1353 2655 prae·

158 2671 242 2738 bent.
279 2694 378 2736 unum
400 2669 498 2735 habui
522 2670 678 2753 codicem,
702 2670 756 2754 qui
778 2669 813 2733 in
834 2669 896 2733 hac
918 2691 1041 2753 quoque
1057 2673 1148 2754 parte
1171 2666 1352 2737 accuratius

155 2794 250 2857 quam
271 2774 386 2858 reliqui
408 2773 601 2857 scripturam
622 2774 739 2837 veteris
761 2777 834 2837 octo
847 2772 1003 2836 librorum
1018 2773 1209 2856 exemplaris
1232 2774 1352 2838 referre

156 2875 297 2957 videtur,
321 2874 590 2940 Drasdensem
613 2875 643 2938 D
668 2874 744 2957 166,
768 2875 1047 2938 membranaceum
1069 2874 1174 2938 forma
1195 2875 1352 2959 quadrata

155 2977 268 3060 quinto
290 2975 412 3041 decimo
435 2976 562 3041 saeculo
584 2977 619 3040 in
641 2975 737 3040 Italia
753 2977 926 3059 scriptum,
949 2976 1004 3059 qui
1018 2975 1082 3039 fuit
1105 2976 1182 3040 olim
1197 2975 1348 3061 casparis

77 3161 80 3165 Δ
156 3076 292 3143 Barthii.
335 3078 370 3142 in
393 3099 430 3142 eo
452 3079 539 3143 enim
559 3078 697 3162 pristina
719 3078 879 3161 scriptura
899 3080 1012 3160 postea
1034 3075 1098 3140 alia
1119 3099 1218 3141 manu
1240 3078 1278 3142 de
1301 3100 1351 3142 co-

155 3179 224 3243 dice
247 3183 376 3244 centurn
399 3180 607 3264 epistularum
631 3182 773 3244 correcta
801 3181 866 3262 est,
896 3179 942 3243 ita
970 3181 1081 3243 tamen
1108 3182 1145 3242 ut
1172 3179 1247 3262 quid
1275 3180 1351 3243 olim

154 3281 310 3364 scriptum
330 3282 429 3345 fuerit
449 3282 567 3365 ubique
590 3285 754 3365 appareat.
791 3284 958 3365 praeterea
978 3281 1014 3345 in
1030 3281 1133 3364 primo
1155 3280 1238 3346 libro
1259 3285 1351 3366 quat·

155 3386 227 3447 tuor
249 3383 404 3466 epistulae
427 3384 457 3468 8,
476 3385 526 3466 12,
547 3384 599 3467 23,
623 3384 666 3447 24
687 3383 752 3448 suis
775 3383 853 3448 locis
875 3384 1011 3447 omissae
1034 3387 1067 3447 et
1087 3384 1123 3446 in
1144 3383 1209 3447 fine
1233 3383 1350 3449 codicis

154 3488 228 3567 post
255 3486 334 3548 noni
361 3485 435 3549 libri
466 3484 636 3568 epistulam
664 3485 958 3569 quadragesimam,
988 3505 1070 3568 quae
1097 3488 1229 3569 propter
1255 3485 1351 3549 unius

154 3587 309 3669 epistulae
331 3587 492 3651 defectum
514 3588 550 3651 in
572 3609 609 3651 eo
632 3590 681 3650 est
702 3586 1031 3671 undequadragesima
1058 3586 1133 3649 libri
1155 3587 1276 3669 octavi,
1300 3607 1350 3650 ea-

154 3688 226 3752 dem
248 3690 358 3753 tamen
379 3711 478 3753 manu
501 3689 639 3773 scriptae
661 3692 746 3753 sunt.
786 3689 868 3772 quod
901 3708 1094 3772 quamquam
1116 3687 1271 3770 peculiari
1301 3709 1351 3752 co·

154 3789 234 3854 dicis
256 3790 447 3856 Dresdensis
469 3791 568 3856 errori
590 3791 689 3855 tribui
712 3812 789 3854 sane
817 3793 943 3874 potest,
973 3793 1099 3871 tamen,
1128 3811 1200 3852 cum
1222 3788 1350 3852 illarum

154 3891 363 3974 epistularum
391 3892 550 3976 scriptura
577 3914 594 3956 e
617 3891 807 3955 Florentino
837 3890 944 3955 codice
972 3891 1068 3954 ducta
1096 3891 1152 3974 sit,
1185 3913 1205 3954 a
1231 3890 1350 3974 quoin

154 3992 284 4077 reliquis
306 3994 385 4057 s'atis
400 3993 526 4059 diversa
549 3997 597 4059 est
617 3993 755 4078 pristina
778 3991 904 4076 quidem
928 3992 1044 4056 codicis
1065 3992 1240 4075 scriptura,
1264 3990 1350 4055 haud

140 4095 219 4164 ,scio
242 4116 285 4159 an
306 4093 360 4159 hio
381 4117 504 4179 quoque
534 4096 677 4159 defectus
707 4117 724 4158 e
754 4096 858 4158 vetere
887 4094 1062 4178 exemplari
1089 4093 1172 4179 quod
1199 4093 1349 4157 librarius

154 4185 326 4280 expressit,
349 4197 541 4282 repetendus
564 4197 616 4261 sit.
654 4217 730 4260 nam
753 4199 786 4259 et
807 4194 882 4260 illae
905 4195 1060 4279 epistulae
1088 4197 1124 4259 in
1147 4195 1277 4279 reliquis
1300 4215 1349 4258 co-

156 4297 279 4362 dicibus
295 4299 459 4381 omnibus,
484 4299 522 4363 dc
537 4299 652 4382 quibus
667 4296 824 4381 quaesivi,
846 4295 931 4360 iusto
946 4297 1057 4361 ordine
1074 4296 1246 4361 collocatae
1261 4299 1348 4380 sunt,

154 4403 187 4462 et
207 4398 279 4463 aliis
307 4399 386 4465 locis
409 4386 640 4485 compluribus,
663 4398 699 4461 in
721 4397 836 4482 quibus
858 4397 973 4481 reliqui
994 4398 1069 4462 libri
1084 4401 1203 4463 sectam
1218 4396 1349 4462 Floren-

153 4500 214 4582 tini
239 4500 356 4567 codicis
371 4505 534 4587 secuntur,
557 4523 640 4565 unus
656 4498 846 4564 Dresdensis
862 4498 1021 4563 diversam
1044 4500 1084 4564 ab
1098 4500 1162 4564 illis
1176 4499 1348 4564 lectionem
