3024 5062
207 283 247 348 76
723 300 753 348 e.
777 301 873 347 rami

204 457 353 538 neutrum
381 454 580 539 impetravit,
611 456 738 518 coactus
766 457 816 518 est
843 452 953 517 statim
980 454 1187 538 respondere,
1220 451 1396 535 respondit,

206 557 326 621 malum
348 577 542 641 pravumque
564 556 732 640 ingenium
753 555 892 619 hominis
912 555 993 619 facit
1014 558 1051 620 ut
1072 555 1215 619 dubitem
1237 553 1397 618 confiden-

154 668 196 732 33
205 662 255 724 ter
284 681 327 722 an
354 661 553 741 constanter,
584 661 669 722 certe
696 657 905 741 paratissime.
941 657 1066 722 obiecta
1095 659 1171 721 sunt
1192 655 1293 721 multa
1316 677 1398 740 quae
1425 661 1431 671 '
1491 674 1493 677 ’

205 761 308 845 magis
323 782 419 844 quam
433 760 665 844 praevaricatio
686 764 880 843 nocuerunt,
902 760 980 844 quin
1003 760 1100 824 etiam
1122 759 1183 823 duo
1207 756 1397 836 consulares,

206 861 402 946 Pomponius
417 861 521 926 Rufus
544 864 576 925 et
590 862 670 926 Libo
685 861 794 946 Frugi,
818 861 982 926 laeserunt
1003 883 1074 925 eum
1097 860 1292 942 testimonio,
1316 862 1424 928 tam-a
1505 870 1508 889 ⁴

204 986 299 1048 quam
322 964 405 1048 apud
427 963 564 1028 iudicem
587 963 646 1028 sub
668 963 854 1028 Domitiano
877 963 964 1029 Salvi
979 963 1136 1027 Liberalis
1159 962 1397 1026 accusatoribus

155 1072 197 1136 34
208 1064 372 1130 adfuisset.
409 1065 580 1130 damnatus
611 1068 644 1130 et
675 1066 711 1130 in
737 1065 876 1130 insulam
904 1066 1065 1151 relegatus
1094 1067 1152 1129 est.
1188 1065 1296 1148 itaque
1325 1085 1398 1128 cum

206 1168 335 1233 Castam
358 1189 552 1251 accusarem,
575 1167 657 1231 nihil
679 1169 783 1252 magis
798 1169 910 1252 pressi,
932 1190 1028 1252 quam
1043 1166 1127 1251 quod
1149 1169 1315 1232 accusator
1330 1165 1398 1230 eius

206 1269 491 1355 praevaricationis
514 1268 647 1333 crimine
670 1270 849 1334 corruisset.
879 1271 982 1353 pressi
997 1272 1106 1334 tamen
1121 1269 1258 1335 frustra:
1281 1265 1399 1332 accidit

207 1371 292 1435 enim
314 1393 365 1436 res
389 1371 549 1435 contraria
571 1374 604 1435 et
624 1393 724 1451 nova,
745 1375 782 1435 ut
804 1373 989 1436 accusatore
1011 1370 1295 1456 praevaricationis
1311 1371 1437 1435 dam-10

156 1479 198 1544 35
206 1474 284 1537 nato
316 1494 372 1537 rea
404 1473 630 1537 absolveretur.
667 1472 793 1557 quaeris
822 1473 898 1557 quid
919 1494 993 1558 nos,
1022 1474 1096 1538 dum
1123 1473 1204 1538 haec
1232 1471 1399 1558 aguntur?

205 1574 415 1640 indicavimus
443 1576 570 1639 senatui
592 1597 631 1639 ex
652 1574 807 1640 Norbano
835 1575 981 1641 didicisse
1004 1598 1062 1640 nos
1084 1576 1247 1660 publicam
1270 1596 1399 1639 causam

206 1698 378 1761 rursusque
405 1677 520 1742 debere
549 1700 587 1741 ex
615 1666 743 1762 integro
770 1678 907 1761 discere,
936 1679 963 1742 si
991 1678 1045 1742 ille
1067 1679 1305 1763 praevaricator
1326 1699 1399 1762 pro·

208 1779 349 1862 baretur,
373 1781 469 1863 atque
491 1779 553 1861 ita,
578 1780 652 1843 dum
667 1779 721 1843 ille
736 1780 902 1864 peragitur
916 1802 998 1863 reus,
1022 1781 1175 1845 sedimus:
1191 1783 1302 1864 postea
1316 1779 1397 1843 Nor-

207 1882 308 1946 banus
330 1880 478 1945 omnibus
501 1880 611 1944 diebus
634 1881 828 1966 cognitionis
850 1882 998 1947 interfuit
1020 1883 1216 1966 eandemque
1236 1904 1335 1966 usque
1358 1883 1398 1945 ad
1412 1903 1437 1946 15

155 1987 197 2051 36
208 1986 386 2048 extremum
408 1983 458 2046 vel
480 1983 696 2046 constantiam
719 1984 768 2048 vel
784 1984 949 2049 audaciam
971 1984 1113 2068 pertulit.
1144 1985 1308 2069 interrogo
1329 1984 1399 2068 ipse

206 2107 257 2149 me
280 2077 323 2148 an
345 2084 464 2168 aliquid
486 2084 646 2149 omiserim
668 2099 800 2170 rursus,
823 2089 855 2150 et
881 2108 990 2150 rursus
1017 2108 1120 2170 paene
1142 2087 1244 2151 omisi.
1276 2107 1399 2150 summo

207 2186 258 2250 die
280 2185 405 2251 Salvius
427 2186 584 2252 Liberalis
612 2187 750 2271 reliquos
778 2187 903 2272 legatos
936 2189 1079 2274 graviter
1111 2187 1285 2274 increpuit,
1318 2191 1399 2252 tam-

207 2310 303 2372 quam
335 2310 402 2352 non
426 2303 544 2352 'omnes
573 2311 649 2373 quos
677 2290 861 2354 mandasset
888 2289 1054 2374 provincia
1085 2311 1155 2354 reos
1187 2290 1399 2375 peregissent,

208 2393 319 2474 atque,
343 2393 380 2453 ut
402 2393 450 2454 est
472 2390 644 2455 vehemens
672 2395 704 2455 et
726 2391 879 2474 disertus,
902 2392 938 2455 in
960 2392 1132 2456 discrimen
1155 2392 1296 2457 adduxit.
1328 2413 1399 2476 pro·
1412 2413 1439 2454 aa

205 2493 272 2556 texi
295 2492 378 2556 viros
400 2492 536 2576 optimos
559 2493 748 2577 eosdemque
770 2493 986 2577 gratissimos:
1014 2493 1093 2558 mihi
1121 2496 1206 2558 certe
1229 2493 1344 2558 debere
1366 2516 1399 2558 se

156 2597 196 2661 37
206 2593 395 2678 praedicant
427 2594 511 2677 quod
543 2594 633 2658 illum
665 2595 828 2658 turbinem
857 2595 1027 2659 evaserint.
1063 2594 1116 2660 hic
1148 2596 1209 2659 erit
1243 2594 1400 2679 epistulae

207 2695 298 2779 finis,
321 2717 356 2760 re
379 2717 454 2760 vera
476 2696 565 2780 finis,
587 2695 728 2760 litteram
749 2717 817 2760 non
839 2696 969 2780 addam,
999 2695 1124 2761 etiamsi
1153 2696 1256 2761 adhuc
1279 2697 1400 2781 aliquid

206 2798 397 2881 praeterisse
418 2819 469 2862 me
491 2819 630 2862 sensero.
661 2799 741 2862 vale.

785 2968 826 3032 X.
1110 3034 1112 3039 ,
1412 2984 1437 3038 2'5

293 3089 323 3143 (l.
341 3089 488 3139 PLINIUS
507 3089 701 3141 VESTRICIO
721 3090 928 3142 SPURlNNAr}
948 3089 1017 3140 SUO
1041 3090 1088 3139 ΕΤ
1108 3090 1266 3141 ΟΟΤΤΙΑΕ
1286 3091 1313 3142 S.

180 3209 197 3277 1
293 3205 514 3289 Composuisse
529 3228 580 3270 me
595 3206 751 3290 quaedam
773 3206 812 3269 dc
833 3206 900 3269 filio
922 3209 1028 3270 vestro
1042 3227 1108 3270 non
1124 3205 1189 3270 dixi
1204 3207 1304 3291 vobis,
1327 3231 1400 3272 cum

207 3307 350 3391 proxime
381 3307 464 3391 apud
486 3329 541 3372 vos
563 3308 625 3392 fui,
654 3308 792 3391 primurn
821 3309 896 3392 quia
923 3331 989 3372 non
1021 3307 1092 3372 ideo
1126 3309 1334 3394 scripseram,
1362 3314 1400 3376 ut

209 3409 357 3493 dicerem,
380 3409 435 3474 scd
450 3412 486 3473 ut
501 3430 571 3474 meo
586 3410 696 3494 amori,
720 3431 792 3474 meo
808 3409 907 3474 dolori
930 3409 1164 3493 satisfacerem,
1187 3411 1302 3476 deiude
1324 3413 1399 3497 quia

208 3611 411 3620 ——n—

275 3738 513 3802 sparsumqueo
565 3738 881 3799 3anV1‘D5aach,
901 3752 975 3792 om.r
1026 3738 1399 3800 tetliboVFpraetlibro

207 3808 235 3854 Η
254 3805 373 3856 edibon
425 3804 541 3855 bsaluii
559 3805 640 3865 rpro
699 3805 759 3855 'lin
778 3822 824 3856 om.
842 3807 898 3854 HV
948 3803 1323 3869 Succusalorlaecusatiop
1367 3811 1399 3858 10

208 3877 238 3922 ut
256 3874 430 3924 accusareV
499 3872 628 3922 damnato
646 3871 733 3922 Casta
751 3889 828 3923 rear
898 3876 927 3923 ll
946 3889 994 3923 rea
1013 3872 1166 3923 solueretur
1182 3875 1223 3936 Ἑρ
1280 3880 1430 3940 aguntur'

208 3941 305 3991 haecr
357 3943 387 3991 12
400 3945 542 3991 nos-13
556 3941 660 3991 discere
678 3943 703 3990 in
720 3958 800 4008 mrvrp,
817 3944 919 3992 adstv
972 3943 1003 3991 14
1017 3941 1170 4005 adqueHV
1224 3943 1254 3992 15
1274 3943 1398 3993 tandem-

209 4023 260 4073 quc
276 4009 298 4057 1>
318 4008 412 4058 eadem
430 4023 444 4057 r
523 4011 554 4058 17
571 4023 664 4059 rursus
682 4011 770 4073 priore
789 4013 844 4061 loeo
863 4026 910 4060 om.
928 4024 942 4057 r
1026 4024 1129 4058 summo
1148 4009 1191 4059 die
1210 4026 1256 4062 om.
1275 4013 1330 4059 HV

210 4078 241 4126 18
259 4077 415 4141 inerepauit
431 4080 472 4126 Dr
541 4079 756 4127 mannaan
825 4081 857 4128 20
876 4077 1007 4141 adqucH
1070 4078 1223 4141 protexitp
1293 4081 1324 4128 21
1340 4093 1398 4129 eos-

209 4157 292 4208 quer
360 4147 393 4193 22
412 4141 495 4210 quod]
517 4150 572 4206 etp
655 4147 707 4195 erit
725 4148 810 4195 om.F
879 4148 911 4196 23
930 4160 959 4194 re
977 4160 1044 4194 vcra
1062 4143 1125 4194 finis
1143 4158 1219 4205 om.p
1289 4147 1399 4196 etiamsi

209 4211 297 4261 adhuc
324 4211 427 4276 aliquid
444 4215 540 4261 ΠΜ
566 4213 676 4263 etiamsi
703 4212 807 4278 aliquid
835 4213 924 4263 adhuc
949 4214 991 4274 Pp
1019 4213 1104 4262 etiam
1131 4212 1220 4262 adhuc
1248 4213 1353 4278 aliquid
1377 4216 1399 4262 1>

209 4280 320 4340 etiamsi
338 4280 442 4343 aliquid
459 4293 476 4337 ς

276 4347 301 4395 X
319 4349 352 4398 26
370 4350 489 4398 Vestrlc.
509 4348 662 4413 Spurinnae
686 4350 871 4399 ltiecordr'anus
893 4351 919 4398 in
942 4350 1039 4398 indice:
1065 4347 1259 4398 VESTRICIO
1277 4365 1325 4402 om.
1344 4351 1400 4398 MV

209 4417 320 4476 Fllpra
388 4416 614 4467 SPURINAEH
683 4416 752 4466 SUO
771 4433 817 4468 om.
838 4418 901 4479 npr
970 4421 998 4465 et
1017 4415 1135 4464 Caeciae
1155 4415 1266 4476 (Coelae
1284 4417 1312 4478 p)
1332 4429 1399 4467 suae

208 4486 290 4545 pret
309 4482 428 4534 Caeciae
448 4498 473 4545 ς,
491 4486 578 4536 οηι.Ὲ“
658 4487 691 4535 28
710 4482 785 4550 quia]
808 4485 916 4548 quidem
934 4484 961 4532 Μ
1030 4480 1103 4550 ideo]
1123 4483 1216 4533 idisD
1285 4486 1400 4536 scribse-

209 4566 267 4600 ram
285 4552 312 4598 Μ
