3024 5062
169 253 246 336 394Ι
700 286 729 333 c.
754 287 849 332 imru

171 463 231 527 quc
267 441 373 506 locum
409 441 527 505 laboris
564 443 597 504 et
633 461 726 504 curae
769 460 862 523 quem
898 438 1097 503 reverentiae
1134 437 1381 523 dignitatisque

171 547 345 608 teneamus,

119 646 160 708 94
254 646 293 712 In
327 645 391 709 fine
424 644 578 709 orationis
607 644 769 728 praesides
803 644 1011 728 custodesque
1046 643 1173 726 imperii
1201 642 1277 706 deos
1306 663 1366 727 ego

173 747 284 811 consul
305 769 363 830 pro
385 747 479 810 rebus
501 746 650 810 humanis
673 768 710 810 ac
737 748 770 809 te
792 745 981 829 praecipue,
1005 743 1186 828 Capitoline
1207 743 1365 827 luppiter,

169 869 282 932 precor
309 852 345 912 ut
372 849 534 912 beneficiis
556 849 621 912 tuis
648 848 758 911 faveas
780 848 944 931 tantisque
965 846 1151 910 muneribus
1174 846 1273 909 addas
1295 867 1393 928 per-5

169 951 369 1033 petuitatem.
408 950 525 1014 audisti
547 972 628 1034 quae
650 972 708 1035 pro
730 949 815 1013 malo
838 949 984 1033 principe
1006 949 1226 1033 precabamur,
1252 947 1364 1010 exaudi

170 1074 250 1136 quae
272 1074 330 1135 pro
353 1051 564 1117 dissimillimo
586 1055 744 1138 optamus.
782 1073 848 1115 non
875 1054 909 1115 te
932 1049 1155 1136 distringimus
1178 1050 1276 1114 votis:
1300 1070 1366 1113 non

170 1155 256 1219 enim
277 1177 406 1239 paoem,
436 1176 502 1218 non
525 1153 742 1237 concordiam,
770 1175 836 1217 non
859 1153 1079 1236 securitatem,
1109 1174 1176 1217 non
1198 1173 1274 1236 opes
1297 1173 1366 1215 ora·

160 1279 255 1341 mus,
279 1277 347 1320 non
369 1257 520 1320 honores:
549 1256 683 1340 simplex
707 1259 885 1339 cunctaque
912 1255 974 1319 ista
997 1253 1198 1338 complexum
1222 1253 1368 1317 omnium

169 1459 256 1523 enim
278 1461 342 1523 iam
364 1463 442 1523 tunc
464 1458 554 1522 illum
582 1459 616 1522 in
650 1458 784 1522 tutelam
812 1459 977 1542 recepisti,
1008 1479 1080 1522 cum
1107 1458 1279 1541 praedonis
1303 1458 1368 1522 avi-

170 1561 291 1624 dissimi
318 1561 465 1625 faucibus
500 1560 655 1645 eripuisti.
703 1581 805 1644 neque
834 1561 919 1623 enim
948 1559 1017 1624 sine
1047 1558 1164 1623 auxilio
1192 1563 1263 1640 tuo,
1295 1582 1369 1625 eum

171 1662 326 1727 altissima
349 1684 492 1747 quaeque
515 1665 741 1747 quaterentur,
766 1661 833 1740 hic,
857 1663 912 1746 qui
934 1662 1083 1726 omnibus
1107 1662 1262 1726 excelsior
1286 1664 1367 1744 erat,

172 1764 380 1829 inconcussus
402 1764 506 1829 stet't:
535 1765 725 1848 praeteritus
753 1768 801 1828 est
830 1786 848 1827 a
870 1763 1009 1847 pessimo
1030 1763 1175 1847 principe
1198 1765 1254 1848 qui
1276 1786 1369 1848 prae-

171 1867 262 1930 teriri
285 1867 325 1930 ab
347 1867 468 1949 optimo
490 1889 557 1930 non
578 1870 715 1950 poterat.
749 1871 785 1930 tu
808 1866 894 1929 clara
920 1865 1027 1929 iudicii
1050 1866 1098 1929 tui
1120 1865 1216 1949 signa
1238 1866 1368 1949 misisti,
1384 1899 1407 1936 15

171 1989 242 2031 cum
264 1968 481 2052 proficiscenti
504 1970 543 2032 ad
566 1968 741 2033 exercitum
763 1969 818 2031 tuo
840 1967 986 2050 nomine,
1010 1970 1065 2031 tuo
1080 1966 1203 2031 honore
1227 1968 1365 2032 cessisti.

169 2071 204 2132 tu
227 2090 303 2134 voce
326 2069 527 2154 imperatoris
556 2070 630 2155 quid
653 2069 788 2134 sentires
810 2069 950 2153 loeutus,
979 2069 1080 2134 filium
1101 2068 1164 2152 illi,
1193 2069 1289 2134 nobis
1312 2093 1367 2154 pa-

169 2172 309 2254 rentem,
339 2171 399 2236 tibi
427 2173 611 2256 pontificem
634 2172 809 2236 maximum
832 2171 966 2256 elegisti.
1009 2193 1070 2256 quo
1098 2171 1219 2236 maiore
1248 2173 1368 2238 fiducia

169 2273 269 2336 isdem
291 2273 355 2337 illis
377 2275 469 2358 votis,
492 2296 573 2358 quae
587 2276 656 2359 ipse
678 2295 735 2358 pro
762 2296 796 2338 se
818 2273 999 2358 nuncupari
1021 2273 1120 2357 iubet,
1144 2295 1199 2338 oro
1222 2278 1257 2339 et
1279 2276 1366 2340 obte-

169 2377 251 2458 stor,
281 2375 307 2438 si
330 2375 412 2440 bene
434 2398 501 2441 rem
523 2377 701 2460 publicam,
730 2377 757 2440 si
780 2397 818 2439 ex
841 2375 983 2439 utilitate
1005 2375 1146 2439 omnium
1169 2376 1272 2461 regit,
1302 2378 1365 2462 pri-
1378 2409 1400 2445 a

170 2498 257 2540 mum
279 2477 427 2541 utillum
448 2477 618 2562 nepotibus
643 2479 762 2542 nostris
785 2499 823 2541 ac
845 2476 1075 2561 pronepotibus
1098 2498 1222 2561 serves,
1252 2479 1366 2543 deinde

169 2581 204 2642 ut
226 2579 415 2664 quandoque
437 2600 650 2644 successorem
673 2579 700 2644 ei
723 2579 847 2643 tribuas
869 2600 963 2664 quem
992 2579 1155 2664 genuerit,
1186 2602 1282 2664 quem
1304 2581 1365 2645 for·

170 2680 307 2744 maverit
328 2681 526 2765 similemque
554 2682 669 2746 fecerit
697 2681 863 2765 adoptato,
895 2684 952 2744 aut
973 2681 1000 2745 si
1028 2681 1088 2745 hoc
1116 2681 1184 2745 fato
1215 2686 1363 2767 negatur,

170 2782 205 2846 in
228 2781 361 2847 consilio
384 2785 427 2846 sis
455 2783 589 2869 eligenti
617 2787 836 2868 monstresque
864 2783 1003 2868 aliquem
1031 2804 1123 2868 quem
1152 2783 1301 2869 adoptari
1331 2785 1364 2849 in

169 2883 327 2968 Capitolio
349 2885 468 2949 deceat.
1369 2918 1390 2957 a

119 2991 160 3055 95
255 2985 371 3069 Vobis,
402 2989 510 3071 patres
538 2988 729 3071 conscripti,
758 2990 913 3072 quantum
940 2988 1072 3052 debeam
1099 2989 1238 3073 publicis
1267 2990 1361 3052 etiarn

169 3087 384 3151 monumentis
408 3089 602 3153 continetur.
640 3111 695 3154 vos
717 3090 797 3153 mihi
818 3091 853 3154 in
868 3089 1037 3155 tribunatu
1060 3091 1192 3177 quietis,
1217 3091 1252 3155 in
1274 3112 1361 3175 prae-

169 3191 244 3252 tura
266 3190 450 3272 modestiae,
474 3212 528 3254 vos
550 3191 584 3254 in
601 3191 671 3255 istis
694 3191 810 3256 officiis
833 3193 940 3275 etiam,
965 3214 1046 3276 quae
1069 3215 1085 3257 e
1108 3194 1223 3258 studiis
1245 3193 1360 3258 nostris

170 3291 253 3355 cirea
275 3292 410 3356 tuendos
433 3293 534 3356 socios
556 3293 777 3378 iniunxeratis,
802 3316 873 3358 eum
894 3301 970 3371 (idei
989 3297 1057 3358 turn
1081 3296 1287 3360 constantiae
1308 3317 1360 3360 an·

235 3604 251 3652 3
270 3600 366 3656 ᾰθοες
385 3602 463 3652 diuos
481 3603 547 3652 Abi
565 3603 642 3653 diues
660 3604 675 3667 β
744 3607 760 3654 4
779 3604 905 3655 consules
928 3607 1014 3671 proB
1096 3609 1111 3657 6
1130 3621 1202 3670 quae
1222 3623 1271 3672 pro
1290 3607 1357 3657 malo

168 3670 293 3735 principe
316 3670 498 3735 precabamur
523 3672 567 3720 An
594 3688 663 3737 quae
691 3671 761 3723 malo
788 3673 913 3738 principe
941 3675 1162 3739 precabamurB
1191 3690 1265 3740 quae
1291 3675 1357 3724 malo

168 3738 287 3803 principi
304 3738 487 3803 precabamur
504 3752 521 3793 ς
539 3754 608 3803 quae
625 3741 697 3790 malo
716 3741 835 3807 principi
853 3742 1074 3807 imprecabamur
1085 3744 1193 3807 Lipsius
1276 3748 1291 3795 7
1309 3759 1357 3792 non

169 3808 242 3856 enim
260 3807 437 3856 concordiam
455 3822 510 3856 non
528 3822 626 3872 pacem
644 3810 667 3858 A
745 3811 760 3859 9
779 3809 949 3874 complexum
967 3825 1050 3860 unum
1063 3813 1182 3860 omnium
1201 3817 1297 3862 uotum
1315 3813 1358 3862 Ca-

168 3956 225 3992 mus
243 3942 264 3991 B
281 3942 333 3992 tibi
351 3958 423 3991 noua
447 3944 654 4006 iniungimusA
676 3960 775 3995 nouam
804 3946 855 3994 tibi
881 3947 1051 4011 iniungimus
1079 3961 1172 3996 curam
1194 3947 1359 4012 Caspinianus

236 4013 265 4059 11
285 4012 341 4060 iam
359 4010 443 4063 ocal!
514 4014 544 4062 13
563 4011 608 4061 hie
627 4028 675 4076 pro
694 4014 859 4062 omnibusA
929 4021 989 4064 erat
1007 4026 1090 4069 oms
1151 4017 1185 4064 14
1204 4017 1284 4065 stetit
1301 4016 1358 4064 aar

168 4080 265 4145 estetit
282 4081 304 4126 Δ
373 4080 539 4144 praeteritus
557 4082 614 4130 cod.
634 4082 742 4131 Medici.
760 4092 777 4136 ς
794 4083 954 4146 perterritus
972 4083 1041 4132 ABd
1109 4099 1126 4132 a
1144 4084 1261 4148 pissimo
1281 4085 1295 4146 β

168 4147 586 4211 quipraeteririeod.Mediol.s
605 4149 651 4212 qui
670 4152 820 4213 perterreri
845 4151 888 4200 Au
915 4151 961 4215 qui
988 4151 1137 4216 perterriti
1165 4156 1287 4217 perterri
1305 4152 1357 4216 (om.

168 4215 224 4278 qui)
244 4214 260 4262 d
329 4216 361 4265 15
379 4219 488 4280 poterat
506 4218 563 4267 cod.
582 4217 688 4268 Medici.
708 4219 811 4282 poterit
827 4218 897 4267 aad
915 4220 1004 4284 potuit
1022 4232 1039 4273 ς
1119 4221 1152 4269 22
1172 4235 1357 4272 successorem

166 4280 507 4333 A²BadsuccessorumA
576 4287 608 4334 23
628 4285 686 4334 fato
704 4284 803 4342 Aibde
823 4287 899 4336 facto
916 4287 959 4349 Δβ
1037 4288 1070 4336 24
1088 4287 1127 4336 sis
1149 4287 1270 4353 eligenti
1288 4305 1358 4338 mou-

166 4354 290 4415 stresque
310 4363 326 4406 ς
344 4356 367 4402 si
386 4351 490 4415 legenti
509 4356 695 4418 monstresque
722 4355 742 4403 B
769 4355 823 4404 sibi
845 4355 951 4418 legenti
973 4359 1110 4404 monstres
1127 4357 1173 4405 An
1192 4371 1222 4406 se
1248 4358 1358 4423 eligenti

166 4424 356 4482 monstresque
375 4422 431 4472 cod,
450 4420 558 4472 Medici.
638 4424 671 4473 28
690 4421 788 4472 officiis
807 4426 892 4473 etiam
910 4439 981 4488 qnae
1001 4439 1015 4472 e
1035 4423 1074 4485 (et
1092 4421 1117 4488 d)
1137 4425 1242 4474 studiis
1262 4425 1357 4476 nostris

167 4485 242 4535 circa
260 4486 339 4541 boda
357 4486 455 4537 officiis
475 4489 558 4538 etiam
577 4504 630 4553 que
651 4494 677 4539 et
694 4492 766 4539 enim
784 4492 882 4541 studiis
896 4493 995 4541 nostris
1012 4492 1087 4542 cirea
1106 4492 1121 4555 β
1145 4492 1243 4544 offitiis
1263 4500 1291 4544 et
1307 4499 1357 4544 stu·

167 4552 220 4603 diis
238 4556 395 4621 nostrisque
416 4557 529 4606 cireaA
581 4560 614 4609 29
634 4573 693 4608 cum
713 4563 767 4608 tum
788 4560 960 4610 constantiae
972 4559 1010 4622 βς
1026 4564 1155 4612 tumeam
1175 4562 1357 4616 constantieb
