3024 5062
599 227 841 278 rsuacrnrous
865 227 905 275 ce.
928 227 968 275 rc.
1323 215 1387 280 375

197 380 277 443 biles
299 382 332 444 et
347 383 513 446 conservet
535 384 567 446 et
581 382 709 465 efficiat.
739 382 925 467 praefuerat
943 383 1127 467 provinciae
1143 387 1291 467 quaestor
1305 407 1387 450 unus
1397 385 1438 449 70

197 504 235 546 ex
258 481 437 546 candidatis
459 483 555 568 inque
578 507 615 548 ea
638 485 778 550 civitatis
794 485 1009 569 amplissimae
1024 486 1144 550 reditus
1159 487 1291 572 egregia
1313 508 1385 551 con-

196 583 362 647 stitutione
384 584 587 651 fundaverat.
618 585 679 651 hoe
697 587 823 651 senatui
846 586 1059 672 adlegandum
1074 588 1205 673 putasti.
1230 609 1286 652 cur
1301 589 1387 652 enim

195 687 229 748 te
250 685 410 770 principe,
434 688 488 771 qui
503 689 630 772 generis
653 688 701 753 tui
724 688 903 752 claritatem
918 690 1035 754 virtute
1051 691 1226 774 superasti,
1250 690 1388 755 deterior

172 789 281 850 sesset
314 787 456 852 condicio
489 812 597 854 eorum
631 791 685 875 qui
708 793 851 873 posteros
878 790 997 856 habere
1028 792 1151 856 nobiles
1178 795 1386 875 mererentur,

199 909 293 971 quam
315 911 424 954 eorum
446 894 500 975 qui
521 895 672 975 parentes
694 892 907 957 habuissent?
933 915 952 958 o
974 897 1007 958 te
1030 895 1163 979 dignum
1185 894 1240 978 qui
1262 895 1300 959 de
1322 916 1387 958 ma-

198 991 385 1074 gistratibus
406 993 525 1057 nostris
541 1015 666 1077 semper
680 993 759 1059 haec
773 994 903 1058 nunties
925 1016 986 1059 nee
1008 996 1119 1078 poenis
1141 995 1308 1079 malorum,
1332 997 1387 1060 sed

197 1092 351 1158 bonorum
373 1095 524 1178 praemiis
545 1096 646 1160 bonos
668 1096 784 1160 facias!
819 1117 955 1161 accensa
983 1100 1033 1162 est
1054 1098 1202 1163 iuventus
1226 1098 1387 1181 erexitque

198 1193 321 1260 animos
343 1196 383 1260 ad
399 1196 621 1261 aemulandum
645 1198 728 1282 quod
743 1198 866 1262 laudari
887 1198 1030 1282 videbat,
1054 1220 1114 1263 nee
1135 1199 1198 1264 fuit
1220 1199 1387 1283 quisquam

159 1318 184 1356 ιο
197 1321 290 1381 quem
312 1321 377 1364 non
398 1299 478 1364 haec
500 1300 653 1385 cogitatio
675 1300 811 1383 subiret,
835 1322 906 1364 eum
928 1300 1026 1364 scires
1048 1300 1199 1385 quidquid
1223 1323 1242 1363 a
1264 1322 1387 1385 quoque

198 1399 233 1463 in
253 1400 427 1484 provinciis
450 1402 530 1466 bene
552 1402 658 1486 fieret,
687 1402 794 1466 omnia
815 1405 847 1466 te
870 1402 961 1467 scire.
1000 1402 1078 1467 utile
1101 1405 1164 1486 est,
1194 1401 1327 1486 Caesar,
1356 1407 1388 1467 et

197 1502 335 1567 salutare
357 1504 557 1587 praesidibus
572 1504 810 1589 provinciarum
824 1502 909 1568 hanc
924 1504 1041 1569 habere
1056 1504 1216 1588 fiduciam,
1240 1508 1386 1589 paratum

196 1626 266 1670 esse
288 1606 453 1671 sanctitati
476 1609 508 1671 et
529 1606 705 1671 industriae
727 1628 812 1682 suae,
825 1607 999 1671 maximum
1016 1607 1210 1691 praemium,
1235 1606 1386 1671 iudicium

196 1707 368 1792 principis,
398 1708 585 1794 suffragium
607 1709 773 1793 principis.
812 1708 915 1774 adhue
937 1712 1043 1773 autem
1065 1709 1241 1793 quamlibet
1263 1709 1387 1773 sincera

159 1812 347 1893 erectaque
369 1810 512 1894 ingenia,
536 1811 596 1875 etsi
611 1832 677 1875 non
692 1811 916 1895 detorquebat,
940 1810 1113 1875 hebetabat
1127 1813 1237 1874 tamen
1259 1811 1385 1891 misera,

196 1911 253 1975 sed
275 1933 349 1975 vera
371 1913 544 1996 reputatio,
575 1912 674 1977 ‘vides
696 1912 799 1976 enim:
827 1912 931 1998 siquid
954 1914 1034 1978 bene
1056 1913 1177 1996 fecero,
1207 1913 1287 1976 sciet
1309 1911 1386 1978 an-

195 2014 272 2078 sar?
294 2016 350 2078 aut
364 2014 391 2078 si
407 2014 531 2098 scierit,
555 2015 773 2079 testimonium
795 2015 951 2080 reddetl’.
975 2016 1022 2079 ita
1044 2015 1154 2079 eadem
1177 2015 1233 2078 illa
1255 2036 1310 2078 seu
1332 2037 1387 2079 ne-

195 2116 362 2203 glegentia
384 2139 440 2181 seu
461 2117 646 2202 malignitas
668 2117 867 2201 principum,
904 2139 975 2181 eum
1002 2117 1086 2181 male
1109 2115 1263 2181 consultis
1285 2116 1386 2201 impu-

195 2219 346 2302 nitatem,
370 2222 456 2284 recte
478 2219 574 2283 factis
596 2218 719 2282 nullum
740 2219 917 2303 praemium
944 2219 1164 2302 polliceretur,
1193 2239 1253 2283 nec
1274 2217 1346 2282 illos
1369 2242 1388 2282 a

155 2342 182 2381 ro
196 2321 330 2386 crimine
353 2320 464 2384 ethos
487 2320 668 2384 deterrebat
690 2343 709 2383 a
731 2320 835 2385 laude.
866 2323 900 2385 at
920 2342 1023 2404 nune,
1046 2320 1072 2384 si
1088 2321 1169 2384 bene
1185 2320 1300 2404 aliquis
1314 2342 1386 2404 pro-

195 2423 335 2488 vinciam
361 2423 496 2506 rexerit,
525 2421 600 2486 huic
628 2423 772 2506 quaesita
799 2423 918 2487 virtute
946 2422 1089 2508 dignitas
1117 2422 1258 2486 offertur.
1296 2424 1387 2505 patet

195 2525 281 2589 enim
304 2524 451 2589 omnibus
474 2524 602 2589 honoris
625 2527 657 2588 et
685 2523 807 2609 gloriae
830 2547 976 2609 campus:
1004 2547 1043 2589 ex
1065 2525 1126 2588 hoc
1148 2524 1280 2608 quisque
1303 2524 1386 2607 quod

195 2627 285 2711 cupit
306 2629 397 2711 petat
424 2630 458 2690 et
485 2626 654 2690 adsecutus
682 2625 743 2690 sibi
771 2626 894 2690 debeat.
932 2626 1105 2711 provinciis
1128 2647 1252 2710 quoque
1274 2625 1309 2689 in
1331 2647 1386 2709 po-

193 2734 314 2796 sterum
337 2732 370 2793 et
389 2728 579 2793 iniuriarum
601 2730 721 2792 metum
744 2729 777 2792 et
799 2728 969 2793 accusandi
984 2728 1208 2793 necessitatem
1222 2726 1385 2791 remisisti.

154 2854 180 2892 ιε
194 2854 270 2897 nam
293 2831 320 2896 si
342 2831 522 2915 profuerint
544 2830 658 2915 quibus
678 2831 801 2914 gratias
824 2831 964 2915 egerint,
987 2832 1025 2895 de
1047 2830 1136 2895 nullo
1158 2829 1247 2914 queri
1270 2850 1385 2915 cogen-

193 2938 257 3000 tur.
277 2937 361 2997 ...et
393 2932 511 3016 alioqui
537 2931 620 2996 nihil
647 2931 751 3016 magis
779 2931 929 3016 prodesse
957 2932 1127 2997 candidato
1155 2931 1193 2997 ad
1216 2934 1385 3016 sequentes

193 3199 225 3244 ιιι
243 3194 290 3242 ΔΒ
308 3192 383 3241 ειιίιιε
401 3191 452 3242 hee
470 3195 512 3240 est
530 3194 561 3240 ut
578 3204 592 3239 o
611 3191 688 3240 euius
706 3189 758 3240 hoe
783 3192 811 3240 ει
828 3190 845 3237 d
867 3190 944 3240 cuius
963 3193 1005 3240 εει
1022 3194 1054 3240 ut
1071 3191 1127 3243 eod.
1146 3189 1253 3242 Medici.
1271 3201 1288 3244 ς
1307 3189 1384 3239 ειιίιιε

194 3263 266 3312 haec
284 3260 400 3310 intentio
420 3262 511 3310 estut
531 3259 697 3323 Ouspinionus
715 3259 793 3308 cuius
811 3257 864 3308 hoe
883 3262 926 3308 εει
943 3262 974 3307 ιιι
992 3258 1165 3309 Schwarrius:
1183 3258 1217 3320 cf.
1236 3273 1258 3310 e.
1276 3260 1308 3306 91

195 3333 208 3380 l
230 3335 259 3379 ει
274 3329 437 3393 prioratum
455 3343 503 3381 om.
523 3327 537 3389 β
595 3329 610 3376 2
629 3327 712 3391 inque
732 3341 766 3389 ea
785 3326 910 3376 ciuitatis
929 3326 1116 3392 amplissimae
1135 3327 1239 3390 Lipsius
1257 3326 1287 3374 in
1305 3340 1385 3390 quem

193 3413 227 3448 ea
246 3396 287 3460 (in
306 3412 385 3461 quem
403 3411 465 3444 mea
482 3391 512 3460 b)
531 3395 633 3445 ciuitas
651 3393 822 3459 amplissima
839 3395 928 3444 ABed
995 3394 1118 3444 redditus
1135 3394 1229 3453 Abori,
1252 3409 1299 3444 om.
1319 3392 1334 3456 β

192 3468 210 3518 5
229 3469 396 3516 mererentur
412 3463 455 3513 Ao
473 3467 611 3514 merentur
628 3463 645 3511 d
666 3467 824 3512 meruerunt
841 3464 861 3512 B
913 3464 928 3512 ‘1
946 3477 998 3512 nec
1016 3463 1092 3527 prius
1110 3461 1243 3511 malorum
1261 3460 1309 3512 sed
1327 3476 1384 3512 ma·

193 3534 280 3584 lorum
297 3532 458 3598 praemiisss
529 3533 560 3582 10
579 3546 640 3582 cum
658 3531 743 3581 sciret
759 3529 849 3579 Alci
917 3532 946 3578 11
967 3534 994 3579 ιε
1013 3530 1097 3582 om.B
1167 3529 1235 3579 utile
1254 3532 1297 3578 est
1315 3527 1385 3580 an-

194 3617 242 3652 aar
259 3603 341 3651 Baod
359 3601 463 3650 Caesar
480 3599 547 3649 utile
568 3600 650 3649 estA
720 3601 750 3648 12
768 3596 935 3663 ρειειιιειΔ
953 3601 1080 3662 paratam
1097 3597 1160 3646 Bod
1240 3599 1272 3647 13
1291 3599 1320 3646 et
1337 3613 1385 3647 om.

192 3670 264 3732 noe,
284 3671 344 3720 add.
362 3671 385 3718 A
453 3667 614 3717 inditiumb
692 3668 724 3716 14
742 3665 902 3730 suffragium
919 3664 1052 3731 principis
1070 3681 1117 3719 om.
1135 3666 1169 3713 od
1255 3666 1287 3714 16
1305 3665 1385 3716 uides

194 3739 236 3800 (iu
254 3738 355 3788 diesin
372 3751 453 3800 murp.
472 3735 516 3798 A2)
545 3735 617 3786 enirn
643 3734 736 3800 siquid
758 3735 828 3785 bene
850 3733 945 3783 fecero
968 3734 1038 3784 sciet
1061 3748 1159 3784 caesar
1182 3735 1230 3782 aut
1248 3732 1273 3782 si
1290 3732 1387 3783 scierit

193 3807 342 3872 (sciereto)
361 3804 549 3856 testimonium
566 3802 664 3853 reddet
681 3804 769 3852 Aaou
785 3800 863 3851 uides
882 3801 986 3867 siquid
1003 3802 1071 3853 bene
1085 3802 1186 3861 fecero,
1199 3801 1305 3851 nesciet
1318 3801 1385 3851 an-

193 3891 249 3934 sar,
268 3878 318 3924 aut
335 3874 360 3924 si
377 3874 471 3923 scierit
488 3872 675 3923 testimonium
694 3886 747 3921 non
764 3868 860 3920 reddet
878 3869 1089 3929 (inlacrimauit
1106 3868 1171 3934 quid
1190 3868 1261 3919 euim
1280 3869 1303 3918 si
1321 3869 1386 3933 quid

191 3960 243 4009 pro
261 3942 339 3992 uides
365 3940 472 4006 siquid
496 3942 656 4005 posteriores
676 3940 800 3990 Calanaei
820 3939 958 4000 editiones,
984 3938 1117 3989 uidelicet
1143 3937 1165 3989 si
1194 3935 1261 4001 quid
1279 3940 1386 3988 coniecit

194 4012 332 4063 Gesacum.
361 4009 440 4060 uides
460 4009 531 4057 enim
551 4009 574 4058 si
594 4007 658 4073 quid
676 4009 747 4058 bene
766 4007 872 4070 fecero,
900 4007 1006 4057 seietne
1025 4006 1147 4057 Caesar?
1174 4010 1223 4055 aut
1240 4004 1265 4055 si
1281 4005 1385 4067 scierit,

193 4079 383 4131 testimonium
401 4076 514 4127 reddet?
532 4077 699 4127 schwartius.
715 4077 830 4139 fortasse
848 4073 912 4140 quid
930 4078 973 4125 est
986 4076 1075 4125 enim?
1093 4073 1183 4139 siquid
1195 4073 1267 4124 bene
1285 4073 1385 4136 fecero,

191 4149 263 4199 sciet
282 4147 403 4197 Caesar?
422 4154 469 4195 ete.
539 4147 572 4194 22
591 4143 696 4209 gloriae
715 4147 743 4193 et
760 4142 872 4194 honoris
889 4143 924 4192 ed
1009 4146 1042 4193 23
1060 4141 1188 4207 ειιρίίιΔ
1256 4143 1385 4205 imposte-

192 4232 253 4267 rum
271 4214 337 4264 Aba
413 4217 446 4264 25
464 4213 626 4278 profuerunt
643 4213 660 4260 d
678 4212 882 4277 praefuerints‘
967 4213 1000 4262 26
1019 4212 1047 4260 ει
1066 4210 1191 4275 alioquin
1208 4208 1278 4260 nihil
1295 4208 1385 4259 Anco

193 4290 223 4335 et
241 4283 359 4347 liquebit
376 4283 447 4332 nihil
463 4283 569 4346 Lipsius
586 4286 614 4330 et
633 4279 737 4345 alioqui
756 4280 845 4344 liquet
861 4278 931 4329 nihil
950 4279 1109 4329 Schwarzias
1127 4279 1207 4328 deeet
1225 4278 1332 4344 alioqui
1344 4279 1384 4328 ui-

191 4353 234 4404 hil
253 4350 411 4401 Duebnerus.
428 4349 587 4414 probabilius
606 4356 688 4399 tumen
705 4349 804 4399 videtur
822 4349 945 4414 quaedum
962 4349 1104 4406 reddisse,
1122 4349 1188 4397 unde
1206 4363 1238 4398 ea
1262 4362 1326 4414 quae
1344 4362 1385 4397 se·

192 4428 304 4488 quantur
319 4418 473 4484 pendebant.
494 4423 522 4469 ει
534 4416 656 4481 alioquin
674 4415 742 4466 nihil
761 4417 848 4481 magis
860 4416 972 4482 prodest
985 4415 1143 4478 candidato,
1162 4430 1243 4481 quam
1256 4421 1386 4482 peractus

192 4490 297 4557 optime
316 4488 504 4553 magistratus.
522 4488 701 4552 magistratus
718 4485 886 4550 magistratu
904 4492 952 4536 etc.
970 4483 1069 4535 Beatus
1087 4485 1222 4536 Rhenanus
