3024 5062
220 278 310 330 xvnt
707 279 919 331 PRAEFATIO.

221 433 262 498 of.
286 455 318 517 p.
343 432 414 516 188,
441 432 587 516 10.140,
613 433 663 498 11.
689 433 760 515 141,
786 434 841 517 10³
867 434 916 497 12.
942 433 1013 516 151,
1037 432 1088 497 19.
1116 432 1185 516 199,
1208 433 1259 497 31.
1286 434 1356 516 111,
1380 433 1411 496 9.

223 534 293 617 111,
320 533 466 618 19199,
493 534 542 598 19.
569 533 716 616 19919.
742 534 813 618 191,
840 535 891 600 19.
914 535 989 616 285,
1014 536 1063 598 11.
1087 534 1161 614 240,
1188 535 1237 598 19.
1260 533 1336 616 246,
1363 534 1413 598 19.

216 635 356 720 254,14.
380 658 456 700 nam
478 636 513 700 in
535 635 640 720 priore
661 639 755 721 parte
783 637 937 721 pauciora
965 636 1060 701 huius
1082 635 1169 700 modi
1197 634 1343 720 exempla
1364 636 1413 699 in·

218 737 405 821 veniuntur3
428 758 621 821 quamquam
641 737 677 802 in
698 737 749 802 his
772 759 896 823 quoque
924 738 1056 803 suntin
1078 739 1194 823 quibus
1216 737 1328 802 similis
1350 736 1414 802 Ro

131 874 134 879 ·
217 861 331 905 manae
364 839 513 904 editionis
548 842 581 903 et
612 839 748 905 Medicei
788 841 905 906 codicis
940 862 1114 906 consensus
1147 839 1414 924 deprehendatur,

218 964 250 1026 p.
273 943 306 1026 4,
332 943 365 1026 13
388 941 417 1006 9.
443 941 493 1024 12,
521 941 571 1005 14.
598 942 648 1025 13,
667 942 717 1006 11.
741 942 794 1026 21,
818 943 848 1007 6.
871 944 924 1026 56,
941 943 971 1007 9.
995 943 1046 1024 65,
1074 942 1121 1006 11.
1145 942 1195 1025 84,
1216 941 1267 1006 25.
1293 941 1364 1024 102,
1381 940 1412 1004 2.

220 1044 291 1125 122,
313 1043 345 1106 4.
369 1064 472 1126 neque
494 1045 604 1107 tamen
626 1064 664 1106 ex
686 1044 757 1127 ipso
780 1043 904 1128 codice,
935 1066 951 1108 9
979 1066 1042 1128 quc
1069 1043 1150 1108 haee
1171 1065 1252 1128 qnae
1273 1043 1415 1107 indicavi

218 1147 251 1221 91
273 1142 337 1208 9119
359 1142 499 1208 eiusdem
521 1144 650 1228 generis
677 1145 780 1209 multa
807 1145 910 1229 petita
938 1148 1029 1228 sunt,
1059 1144 1156 1209 editio
1184 1166 1333 1227 expressa
1356 1147 1414 1227 991,

217 1245 274 1310 sed
301 1245 352 1310 vel
390 1245 542 1329 princeps
580 1245 677 1311 editio
710 1246 760 1310 vel
793 1237 909 1331 aliquis
937 1245 1018 1311 liber
1056 1268 1154 1310 manu
1181 1246 1318 1329 scriptus
1346 1246 1414 1310 eius

84 1351 87 1357 '
218 1347 362 1432 generis,
391 1347 446 1431 qui
475 1349 621 1411 9191919
649 1347 756 1412 codice
784 1347 919 1412 subinde
942 1351 1101 1413 correctus
1129 1351 1162 1412 91
1188 1351 1280 1431 parte
1308 1347 1414 1411 octavi

220 1448 295 1513 libri
323 1452 435 1513 auctus
464 1451 550 1532 erat,
585 1449 831 1514 fundamentum
860 1471 962 1514 novae
996 1449 1144 1514 editionis
1171 1450 1245 1514 fuit.
1278 1448 1354 1513 nam
1382 1452 1415 1513 91

220 1571 342 1614 9119199
370 1550 526 1635 principis
560 1549 708 1614 editionis
739 1551 885 1635 plurimis
918 1551 1014 1634 loeis,
1048 1551 1104 1615 ubi
1132 1550 1274 1615 dubitari
1302 1551 1415 1634 nequit

218 1653 297 1736 quin
319 1651 451 1716 meliora
472 1652 656 1735 praebuerit
679 1652 787 1736 codex,
810 1652 948 1735 repetita
970 1654 1004 1716 91
1025 1652 1180 1736 quaedam
1201 1652 1249 1716 119
1271 1652 1414 1716 exhibita

219 1756 311 1836 sunt,
336 1757 373 1818 ut
394 1775 465 1818 eam
487 1753 680 1838 scripturam
701 1775 783 1838 quae
804 1754 901 1839 vulgo
922 1753 1086 1817 ferebatur
1109 1775 1181 1818 cum
1203 1753 1340 1818 lectione
1363 1775 1413 1817 co-

99 1857 107 1864 '
218 1855 298 1920 111919
326 1855 461 1919 mixtam
488 1877 557 1919 esse
585 1855 681 1938 plane
709 1857 880 1939 appareat:
911 1855 951 1919 ei.
975 1877 1006 1938 p.
1034 1856 1104 1938 138,
1128 1856 1159 1919 8.
1185 1855 1256 1937 141,
1282 1840 1427 1938 113145

220 1956 291 2039 142,
317 1956 366 2019 10.
393 1955 464 2039 157,
488 1957 518 2020 8.
544 1957 614 2040 174,
645 1957 694 2021 12.
728 1957 797 2039 189,
823 1957 873 2021 16.
903 1956 976 2039 201,
1003 1957 1052 2020 10.
1081 1959 1247 2040 praeterea
1276 1956 1311 2020 in
1339 1955 1412 2020 91119

97 2066 100 2077 ’
219 2056 365 2142 epistulis
388 2057 514 2141 saepius
521 2059 589 2140 ‚in
611 2057 684 2122 aliis
705 2057 810 2122 rarius
833 2058 996 2122 adhibitus
1018 2057 1069 2122 vel
1090 2057 1221 2122 omnino
1243 2057 1412 2143 neglectus

219 2158 270 2223 rel
297 2157 332 2222 in
359 2157 398 2222 iis
426 2180 506 2242 quae
536 2180 574 2222 ex
603 2180 639 2223 eo
668 2148 810 2224 99119919
833 2162 909 2223 sunt
935 2159 1040 2223 minus
1069 2163 1217 2223 accurate
1245 2180 1412 2243 expressus

219 2263 268 2324 est
290 2259 404 2342 codex,
428 2263 464 2324 ut
484 2283 517 2344 p.
534 2259 607 2343 207,
624 2262 655 2325 4.
679 2261 781 2344 multa
803 2282 878 2324 vero
900 2282 967 2325 non
990 2260 1108 2325 codicis
1131 2262 1333 2344 auctoritate,
1356 2261 1412 2325 9911

217 2361 387 2425 temeraria
408 2360 657 2446 interpolatione
679 2365 798 2426 novata
820 2365 913 2426 sunt:
943 2362 984 2427 cf.
1007 2384 1038 2445 p.
1060 2362 1112 2445 26,
1134 2361 1187 2426 26.
1210 2363 1262 2445 33,
1288 2363 1337 2427 18.
1360 2363 1413 2445 49,

222 2463 272 2542 19.
298 2463 371 2546 130,
394 2463 446 2527 25.
473 2464 543 2547 142,
565 2464 596 2528 5.
622 2464 693 2546 143,
710 2467 746 2547 43
771 2465 820 2528 17.
848 2465 918 2546 148,
941 2464 994 2527 27.
1020 2463 1164 2546 150,18.
1191 2464 1262 2547 170,
1286 2465 1316 2527 6.
1343 2464 1413 2546 176,
1508 2460 1510 2464 ’

219 2566 249 2629 7.
275 2565 352 2647 183,
385 2564 434 2628 19.
465 2565 542 2648 196,
566 2566 618 2630 30.
656 2564 793 2649 denique
820 2565 848 2629 is
877 2565 931 2648 qui
960 2564 1093 2628 editioni
1121 2565 1264 2648 praefuit
1291 2586 1414 2629 summa

218 2666 427 2752 neglegentia
449 2670 482 2731 et
503 2667 665 2751 imperitia
686 2688 818 2731 munere
840 2667 970 2731 functus
998 2671 1031 2731 et
1060 2667 1255 2750 compendiis
1278 2666 1379 2750 script
1402 2704 1413 2715 ·

218 2790 273 2833 199
294 2789 389 2853 saepe
409 2768 445 2832 in
467 2789 605 2832 errorem
632 2769 782 2833 inductus
809 2769 910 2832 multa
939 2768 1090 2852 corrupit.
1127 2790 1190 2853 quo
1218 2769 1414 2833 factumest

218 2872 255 2933 ut
276 2868 374 2932 Plinii
397 2869 552 2953 epistulae
574 2891 641 2933 non
667 2868 765 2933 nullis
792 2869 920 2953 quidem
946 2868 1024 2932 locis
1051 2869 1128 2933 boni
1156 2870 1272 2933 codicis
1295 2870 1414 2933 auxilio

220 2970 423 3054 emendatae,
452 2969 598 3054 plurimis
625 2974 735 3035 tamen
758 2970 856 3034 etiam
878 2970 982 3054 magis
1005 2991 1100 3053 quam
1123 2972 1220 3033 antea
1244 2973 1413 3053 corruptae
1464 2967 1465 2970 '

219 3071 454 3137 exhiberentur.

303 3172 365 3249 Qui
385 3173 539 3257 proximis
561 3174 655 3238 annis
682 3176 757 3258 11991
777 3172 875 3236 Plinii
905 3172 1057 3256 epistulas
1085 3173 1253 3238 ediderunt
1275 3173 1413 3238 meliori-

95 3356 99 3361 ,
218 3276 278 3340 bus
301 3273 462 3340 codicibus
489 3272 538 3337 usi
565 3296 632 3338 non
659 3276 750 3356 sunt,
779 3274 835 3339 sed
863 3273 1057 3358 exemplaria
1086 3278 1161 3340 ante
1188 3275 1344 3360 impressa
1365 3276 1412 3339 119

219 3378 452 3462 repetiverunt,
482 3378 519 3440 ut
546 3376 684 3460 quaein
712 3375 776 3439 illis
799 3378 948 3461 corrupta
975 3366 1167 3442 videbantur
1188 3376 1238 3442 191
1260 3399 1317 3442 sua
1339 3398 1412 3440 con-

219 3481 341 3544 iectura
362 3478 413 3544 rel
435 3477 588 3542 adhibitis
610 3481 683 3543 octo
703 3477 857 3542 librorum
881 3479 1041 3543 codicibus
1064 3478 1272 3565 corrigerent.
1302 3501 1340 3544 ex
1361 3477 1411 3542 his

219 3603 317 3645 unam
341 3579 594 3644 commemorabo
617 3578 884 3663 antiquissimam,
907 3579 1221 3665 Neapolitanam
1243 3604 1272 3647 9.
1297 3582 1414 3646 14769

219 3682 356 3747 Iuniano
371 3681 457 3746 Maio
471 3682 607 3765 factam,
631 3682 655 3746 f.
674 3682 690 3746 1
714 3687 862 3747 Ioniacas
876 3688 979 3747 Maias
990 3680 1216 3762 parthenopeus
1230 3689 1414 3764 Hieronymo

220 3789 380 3862 Carrafiae
401 3804 465 3848 meo
485 3788 630 3849 Salutem.
670 3792 699 3848 C.
724 3789 780 3849 Pii.
810 3790 972 3849 secandum
1007 3791 1174 3864 superioris
1195 3795 1330 3863 nepotem
1352 3791 1413 3848 iam

216 3892 337 3965 pridem
364 3891 598 3950 emendatiorem
624 3889 749 3962 efficere
776 3893 946 3966 capiebam:
977 3892 1094 3950 demam
1123 3896 1156 3950 at
1177 3891 1211 3949 ia
1236 3893 1413 3961 conficerem

218 3994 362 4068 impulisti
375 4009 443 4071 sqq.
460 3987 520 4051 12
542 3991 601 4051 DE
616 3991 928 4052 PVBLICATIONE
941 3990 1172 4052 EPISTOLAB
1179 3992 1244 4051 VM
1258 3993 1263 4066 Ι
1282 3991 1414 4051 PLINII

218 4093 348 4153 LIBER
379 4093 544 4155 PRIMVS
573 4087 774 4174 [aeterni
808 4095 883 4155 Aias
911 4096 1027 4183 plinius
1058 4094 1208 4153 9999111199
1241 4095 1412 4167 septicius.

219 4312 248 4360 in
268 4311 363 4362 codiee
383 4312 525 4378 leguntur,
544 4315 575 4360 ut
592 4329 618 4378 p.
632 4313 690 4376 210,
705 4314 745 4363 19.
765 4313 823 4375 237,
845 4315 884 4363 12.
904 4315 963 4376 254,
979 4314 1019 4376 14,
1039 4316 1067 4363 91
1085 4311 1157 4378 quod
1176 4313 1205 4362 in
1222 4311 1328 4363 ultimis
1347 4313 1413 4363 noni

218 4378 282 4429 libri
301 4380 442 4446 epistulis,
461 4395 531 4445 quae
548 4381 577 4430 in
589 4379 716 4431 Mediceo
734 4380 804 4431 libro
817 4381 939 4446 scriptae
957 4397 1012 4431 non
1031 4387 1107 4439 sunt,
1126 4381 1186 4431 eius
1204 4381 1277 4430 modi
1296 4381 1413 4446 scriptu-

219 4463 279 4510 rae,
299 4462 366 4512 quas
384 4463 398 4497 e
415 4452 511 4498 vetere
530 4447 624 4499 9911199
643 4449 745 4512 petitae
764 4463 826 4499 esee
845 4454 993 4514 appareat,
1012 4449 1198 4502 inveniuntur.
1219 4448 1338 4513 denique
1357 4455 1412 4499 tum

218 4514 358 4566 Medieeus
376 4515 464 4568 codex
481 4516 555 4582 apud
572 4516 660 4568 Italos
677 4522 759 4567 notus
777 4531 832 4567 non
849 4518 913 4570 suit.

80 4676 264 4760 ha..
