3024 5062
552 224 795 300 annueramus
818 248 842 297 5.
865 249 888 298 e.
1255 237 1318 303 323

85 424 87 429 ’
128 406 259 470 reclusis
286 406 343 469 illa
364 405 507 490 quidem,
537 409 574 469 ut
600 409 678 470 tunc
700 406 935 490 arbitrabatur,
966 407 1073 490 deum,
1099 410 1238 472 ceterum
1244 456 1252 490 ,
1279 411 1319 472 ut

129 508 236 572 docuit
251 511 399 593 eventus,
423 511 457 572 te
473 508 684 572 consalutauit
699 509 934 592 imperatorem.
968 531 1028 574 nec
1044 509 1138 574 aliter
1152 532 1170 574 a
1194 496 1318 573 cunctis

128 630 223 674 omen
250 614 416 694 acceptum
445 613 505 674 est.
547 632 623 675 nam
650 612 719 694 ipse
751 610 940 695 intellegere
968 610 1116 675 nolebas:
1146 612 1317 676 recusabas
1394 695 1396 700 .

128 698 215 776 enim
241 713 414 796 imperare,
444 713 631 795 recusabas,
664 713 747 797 quod
775 712 857 776 benc
885 715 956 785 erat
982 713 1178 796 imperaturi.
1216 713 1318 798 igitur

101 813 288 898 boogendus
309 815 410 878 fuisti.
447 815 517 899 cogi
539 836 634 898 porro
656 836 722 878 non
742 820 869 899 poteras
892 813 955 877 nisi
977 813 1118 897 periculo
1139 815 1263 897 patriae
1286 817 1318 879 et

125 917 294 980 nutatione
323 917 369 980 rei
396 916 552 1000 publicae.
585 916 782 981 obstinatum
800 917 886 980 enim
908 915 969 979 tibi
991 937 1057 979 non
1080 917 1238 1000 suscipere
1260 918 1318 981 im-

125 1019 265 1102 perium,
288 1018 352 1082 nisi
374 1018 565 1082 servandum
586 1017 710 1082 fuisset.
745 1039 842 1102 quare
858 1039 918 1102 ego
940 1017 1031 1081 illum
1052 1018 1157 1101 ipsum
1177 1019 1318 1084 furorem

125 1123 310 1204 motumque
333 1123 529 1185 castrensem
550 1142 621 1184 reor
643 1120 803 1204 extitisse,
833 1120 907 1204 quia
935 1141 1055 1204 magna
1082 1120 1115 1206 vi
1136 1142 1317 1205 magnoque

125 1224 246 1286 terrore
261 1222 417 1286 modestia
439 1225 496 1286 tua
509 1222 668 1287 vincenda
685 1224 773 1306 erat3
796 1244 833 1286 ac
856 1221 939 1285 sicut
952 1221 1051 1285 maris
1074 1219 1215 1305 caelique
1237 1224 1316 1286 tem-

86 1339 112 1376 10
125 1325 246 1407 periem
267 1324 412 1388 turbines
440 1326 709 1408 tempestatesque
732 1321 973 1405 commendant,
1003 1323 1049 1387 ita
1072 1324 1113 1386 ad
1135 1324 1317 1408 augendam

125 1426 215 1509 pacis
229 1429 304 1490 tuae
319 1427 459 1510 gratiam
473 1426 564 1490 illurn
578 1426 750 1490 tumultum
764 1425 974 1509 praecessisse
990 1425 1187 1489 crediderim.
1210 1425 1317 1490 -habet

126 1527 183 1592 has
211 1529 297 1593 vices
327 1529 471 1593 condicio
498 1528 696 1612 mortalium,
725 1531 762 1592 ut
789 1528 922 1592 adversa
950 1550 988 1591 ex
1015 1528 1175 1611 secundis,
1202 1550 1240 1592 ex
1263 1530 1317 1593 ad-

126 1630 225 1695 versis
247 1630 386 1695 secunda
409 1634 593 1697 nascantur.
633 1629 773 1695 occultat
795 1632 999 1714 utrorumque
1022 1631 1145 1695 semina
1167 1631 1260 1714 deus,
1285 1634 1317 1695 et

124 1732 310 1818 plerumque
325 1733 481 1796 bonorum
495 1732 712 1817 malorumque
731 1753 845 1796 causae
868 1731 927 1795 sub
943 1731 1066 1796 diversa
1081 1733 1186 1816 specie
1201 1733 1314 1797 latent.
1360 1768 1362 1773 ·

87 1850 112 1888 15
125 1855 280 1919 magnum
307 1834 435 1919 quidem
461 1835 540 1899 illud
568 1834 694 1899 saeculo
728 1833 879 1916 dedecus,
914 1855 1068 1918 magnum
1096 1835 1142 1899 rei
1169 1835 1346 1918 publicae6

124 1932 241 2000 vulnus
262 1935 451 2019 impressum
474 1939 539 2019 est,
568 1936 742 2020 imperator
764 1938 796 1999 et
817 1957 934 2020 parens
957 1937 1085 2020 generis
1106 1935 1240 1999 humani
1263 1937 1316 2001 ob-

124 2058 229 2102 sessus
258 2040 370 2121 captus
396 2036 553 2122 inclusus,
584 2038 692 2102 ablata
719 2038 888 2102 mitissimo
917 2038 986 2102 seni
1013 2038 1241 2102 servandorum
1262 2037 1318 2102 ho-

124 2139 248 2204 minum
274 2141 415 2223 potestas
445 2143 649 2224 ereptumque
671 2140 811 2223 principi
837 2139 917 2203 illud
939 2140 974 2203 in
995 2139 1179 2224 principatu
1202 2140 1317 2205 beatis·

125 2241 241 2305 simum
248 2290 256 2324 ,
281 2241 362 2326 quod
386 2241 470 2305 nihil
492 2242 627 2326 cogitur.
663 2241 691 2304 si
712 2244 823 2305 tamen
844 2241 925 2306 hacc
947 2241 1015 2305 sola
1038 2245 1106 2305 erat
1128 2242 1211 2305 ratio
1233 2264 1316 2326 quae

85 2345 157 2406 acte
178 2343 326 2426 publicae
348 2343 461 2407 salutis
484 2342 708 2428 gubernaculis
735 2342 931 2426 admoveret,
959 2365 1058 2427 prope
1081 2347 1188 2407 estut
1214 2345 1317 2408 excla-

124 2467 209 2509 mem
230 2446 315 2509 tanti
335 2445 445 2510 fuisse.
481 2449 630 2529 corrupta
652 2448 701 2509 est
723 2445 893 2529 disciplina
917 2447 1108 2528 castrorum,
1133 2448 1169 2509 ut
1189 2448 1225 2509 tu
1248 2467 1315 2510 cor-

124 2549 230 2612 rector
244 2547 491 2631 emendatosque
513 2548 731 2631 contingeres,
754 2546 921 2612 inductum
935 2547 1107 2631 pessimum
1123 2547 1314 2631 exemplum,

124 2653 162 2713 ut
182 2649 338 2733 optimum
353 2652 580 2733 opponeretur,
602 2652 763 2733 postremo
780 2651 908 2713 coactus
928 2648 1077 2732 princeps
1092 2669 1170 2733 quos
1185 2648 1316 2713 nolebat

124 2751 284 2836 occidere,
310 2753 346 2814 ut
368 2751 459 2815 daret
480 2752 657 2835 principem
681 2750 735 2834 qui
764 2751 835 2835 cogi
856 2771 923 2813 non
944 2753 1060 2833 posset.
1093 2748 1169 2813 clim
1190 2752 1227 2813 tu
1249 2751 1317 2835 qui·

84 2869 111 2911 25
124 2853 197 2918 dem
219 2853 364 2937 adoptari
386 2854 566 2936 merebare3
594 2852 648 2917 sed
676 2853 886 2917 nescissemus
914 2854 1070 2936 quantum
1097 2851 1157 2916 tibi
1186 2852 1317 2918 deberet

123 2956 310 3040 imperium,
339 2955 368 3019 si
390 2959 466 3020 ante
489 2955 658 3040 adoptatus
682 2976 776 3019 esses.
810 2956 1013 3038 expectatum
1035 2957 1084 3018 est
1105 2955 1231 3038 tempus
1254 2976 1316 3039 quo

123 3056 261 3143 liqueret
281 3079 347 3122 non
369 3060 437 3122 tam
453 3058 613 3141 accepisse
634 3060 667 3122 te
682 3057 873 3121 beneficium
888 3078 985 3140 quam
1007 3055 1145 3120 dedisse:
1168 3056 1317 3142 confugit

123 3161 159 3224 in
182 3159 288 3225 sinum
309 3163 399 3224 tuum
422 3181 576 3224 concussa
597 3159 809 3243 respublica,
832 3180 928 3223 ruens
952 3158 1120 3241 imperium
1142 3180 1237 3242 super
1258 3161 1316 3223 im-

122 3265 303 3346 peratorem
338 3262 540 3345 imperatoris
575 3261 636 3325 tibi
662 3282 739 3325 voce
768 3261 908 3325 delatum
936 3263 991 3324 est
1024 3260 1213 3343 imploratus
1244 3261 1316 3325 ado·

83 3390 109 3431 eo
122 3364 235 3449 ptione
257 3366 290 3428 et
311 3364 432 3428 accitus
454 3385 497 3449 es,
513 3368 549 3428 ut
571 3363 647 3427 olim
663 3362 758 3428 duces
780 3362 890 3447 magni
914 3384 932 3425 a
953 3362 1133 3446 peregrinis
1161 3364 1315 3427 externis-

123 3489 185 3552 que
207 3464 300 3531 bellis
324 3467 363 3530 ad
378 3488 471 3550 opem
488 3465 612 3550 patriae
633 3465 800 3528 ferendam
822 3464 965 3529 revocari
980 3464 1137 3528 solebant.
1169 3464 1217 3528 ita
1230 3465 1315 3529 filius

123 3589 161 3633 ac
183 3588 300 3652 parens
321 3590 385 3632 uno
408 3569 578 3652 eodemque
600 3568 762 3631 momento
784 3588 851 3630 rem
872 3566 1044 3630 maximam
1066 3566 1203 3630 invicem
1225 3589 1315 3651 prae—

124 3777 325 3786 ..η-.-

192 3907 286 3976 lilla]
307 3911 362 3961 iam
379 3912 422 3965 Βς
492 3915 523 3960 ut
541 3916 597 3960 tum
616 3909 804 3961 arbitrabatur
821 3913 852 3959 ut
869 3909 980 3960 deumc
1057 3912 1119 3959 tte
1139 3910 1234 3959 consul
1254 3925 1317 3958 con-

119 3978 259 4029 salutauit
275 3981 299 4028 A
366 3981 561 4043 imperatorem
578 3978 663 4028 Bacd
680 3977 860 4042 imperatorA
910 3977 1096 4028 tuolebasB
1164 3979 1316 4042 4impera-

120 4049 178 4097 turi
195 4047 238 4095 Bd
255 4047 415 4112 imperatori
433 4047 456 4095 A
473 4048 640 4113 imperaturo
663 4059 698 4100 ος
800 4048 816 4095 6
838 4048 984 4098 nutatione
1003 4046 1171 4110 Oropiaionus
1189 4053 1214 4094 et
1232 4048 1317 4096 codex

119 4116 232 4166 Livineii
249 4112 402 4165 mutatione
420 4115 510 4163 ABcd
578 4119 641 4166 9at
658 4116 764 4169 sicuts'
845 4117 876 4164 12
896 4120 921 4182 et
940 4131 973 4164 ex
991 4113 1149 4163 aduersisb
1219 4115 1250 4164 13
1269 4129 1316 4162 ua-

120 4187 237 4234 scantur
255 4181 290 4231 Δι
309 4183 488 4247 crespinianus,
506 4184 539 4233 P.
557 4184 643 4235 Faber
660 4191 774 4233 semestr.
787 4182 824 4231 II
837 4200 865 4247 p.
877 4186 927 4232 261
946 4187 1097 4231 nascantur
1115 4196 1184 4233 corr.
1203 4195 1316 4230 noscan-

118 4255 166 4302 tur
183 4253 201 4301 b
218 4254 368 4301 noscantur
385 4251 470 4314 Aliud
544 4257 661 4316 utraque
678 4254 703 4301 A
783 4252 813 4300 17
836 4250 968 4301 oblataB
1038 4252 1069 4299 19
1088 4248 1160 4312 quod
1178 4248 1213 4297 ad
1231 4248 1316 4297 nichil

120 4334 136 4370 c
205 4324 266 4369 erat
284 4320 356 4370 ratio
373 4320 432 4368 bed
449 4324 510 4369 erat
527 4321 615 4369 oratio
632 4319 675 4382 Δβ
698 4352 701 4357 -
744 4321 777 4369 23
796 4322 977 4384 opponeretur
994 4318 1057 4367 Acd
1073 4316 1245 4381 imponerent
1261 4316 1282 4364 B

120 4403 191 4453 quos
208 4386 321 4438 uolebat
337 4401 352 4436 c
371 4403 439 4451 quos
456 4387 545 4438 nollet
563 4389 693 4438 Livineius
760 4387 793 4436 25
812 4383 1007 4450 nescissemus]
1027 4385 1119 4434 neseis
1138 4385 1244 4433 senium
1261 4384 1282 4432 B

118 4457 155 4507 26
173 4460 280 4521 tempus
298 4456 327 4505 in
346 4471 398 4520 quc
416 4456 459 4510 Βς
527 4457 560 4507 28
578 4469 660 4506 ruens
677 4455 739 4504 Acd
757 4469 894 4519 ruensque
912 4457 956 4509 Βς
1041 4455 1073 4504 23
1096 4451 1149 4501 tibi
1168 4468 1214 4502 om.
1233 4465 1256 4516 c,
1275 4467 1316 4500 aa·

120 4527 294 4590 perscriptum
310 4524 419 4575 ladctb
504 4527 538 4576 32
555 4539 608 4575 uno
626 4538 705 4579 om.c

1107 4603 1162 4655 21*
