3024 5062
213 294 276 357 230
722 309 751 356 o.
776 309 873 357 annu

213 463 319 526 varius
342 465 374 526 et
396 462 516 526 metris.
551 463 597 526 ita
619 462 773 545 solemus,
797 463 852 547 qui
874 463 1006 548 ingenio
1021 485 1135 548 parum
1149 465 1292 549 fidimus,
1316 466 1412 530 satie·

212 564 290 628 tatis
313 565 488 648 periculum
510 565 634 648 fugere.
668 565 802 629 recitavi
824 564 936 630 biduo:
959 565 1019 630 hoc
1035 566 1190 631 adsensus
1212 566 1412 631 audientium

214 667 336 750 exegit:
365 668 398 730 et
423 669 533 731 tamen
561 670 597 730 ut
626 667 682 731 alii
709 670 880 732 transeunt
907 669 1062 752 quaedam
1084 668 1299 753 inputantqne
1327 670 1413 753 quod

212 769 396 852 transeant,
424 769 470 832 sic
500 790 561 854 ego
589 769 672 833 nihil
700 772 867 854 praetereo
896 772 991 854 atque
1021 770 1119 834 etiam
1146 792 1213 834 non
1235 771 1412 854 praeterire

213 891 264 933 me
279 868 360 933 dico.
395 869 468 954 lego
484 870 570 933 enim
585 871 708 954 omnia,
732 873 769 934 ut
788 870 896 934 omnia
912 870 1093 955 emendem,
1116 872 1200 956 quod
1223 873 1438 957 contingeres

183 974 279 1039 bnon
301 973 408 1055 potest
423 971 524 1036 electa
546 972 768 1037 recitantibus.
807 974 841 1036 at
862 971 942 1036 illud
956 972 1128 1038 modestius
1151 976 1184 1037 et
1204 973 1342 1038 fortasse
1364 995 1413 1037 re-

213 1073 391 1156 verentius3
414 1073 469 1136 sed
483 1072 544 1137 hoo
567 1072 742 1156 simplicius
765 1075 798 1137 et
813 1074 985 1138 amantius.
1023 1077 1110 1138 amat
1132 1075 1218 1139 enim
1233 1075 1287 1159 qui
1310 1075 1413 1140 aesia

214 1175 315 1239 amari
336 1177 446 1258 putat,
469 1177 506 1238 ut
526 1174 668 1239 taedium
690 1196 757 1239 non
780 1175 996 1259 pertimescat.
1026 1179 1059 1240 et
1080 1176 1199 1260 alioqui
1224 1176 1301 1261 quid
1323 1197 1413 1260 prae·

214 1279 303 1339 stant
325 1275 465 1359 sodales,
491 1277 518 1340 si
542 1277 738 1341 conveniunt
759 1277 934 1361 voluptatis
957 1299 1032 1341 suae
1056 1277 1175 1342 causa?
1197 1277 1353 1343 delicatus
1375 1300 1413 1342 ac

215 1377 326 1442 similis
353 1378 467 1462 ignoto
489 1381 537 1442 est
560 1378 614 1462 qui
637 1378 731 1442 amici
759 1378 877 1442 librum
899 1379 1018 1442 bonum
1040 1378 1162 1443 mavult
1184 1380 1294 1443 audire
1317 1401 1413 1463 quam
1427 1405 1451 1444 10

185 1479 329 1546 blacere.
364 1500 430 1543 non
452 1480 562 1544 dubito
586 1501 700 1563 cupere
721 1483 755 1544 te
776 1501 836 1564 pro
858 1483 964 1544 cetera
986 1481 1050 1545 mei
1073 1481 1207 1545 caritate
1229 1503 1326 1565 quam
1348 1503 1413 1544 ma-

88 1569 91 1577 ’
215 1581 376 1645 turissime
398 1581 505 1665 legere
527 1581 613 1645 hunc
636 1581 740 1645 adhuc
762 1584 921 1646 musteum
943 1582 1070 1646 librum.
1109 1582 1214 1667 leges,
1237 1581 1293 1646 sed
1315 1584 1414 1645 retra·

217 1685 355 1766 etatum,
385 1704 466 1766 quae
490 1705 585 1748 causa
607 1682 766 1748 recitandi
794 1683 872 1768 fuit;
900 1686 933 1748 et
954 1686 1064 1747 tamen
1085 1705 1153 1748 non
1174 1684 1266 1748 nulla
1286 1683 1354 1747 iam
1376 1675 1413 1748 ex

217 1805 254 1848 eo
276 1784 371 1848 nosti.
402 1786 480 1849 haec
495 1787 545 1850 vel
568 1785 738 1849 emendata
751 1788 864 1869 postea
886 1785 953 1869 vel,
977 1785 1061 1869 quod
1083 1785 1245 1850 interdum
1266 1784 1421 1870 longiore

216 1907 305 1949 mora
320 1886 411 1969 solet,
428 1887 586 1952 deteriora
597 1887 685 1952 facta
697 1887 788 1971 quasi
799 1909 883 1952 nova
898 1908 1006 1951 rursus
1019 1889 1052 1951 et
1062 1887 1219 1970 rescripta
1230 1908 1414 1972 cognosces
1429 1915 1455 1955 15

216 2010 292 2065 nam
313 1986 472 2072 plerisque
487 1989 620 2054 mutatis
636 2010 673 2053 ea
694 2010 819 2073 quoque
834 1991 958 2052 mutata
980 1989 1141 2072 videntur,
1164 2010 1245 2072 quae
1260 1984 1413 2052 lnanent.

217 2089 297 2153 vale.

764 2258 869 2324 ΧΧΠ.

476 2415 483 2422 .
566 2380 596 2434 c.
617 2380 764 2432 annuus
788 2381 931 2433 onnruo
951 2379 1020 2431 suo
1039 2381 1065 2431 s.

191 2503 206 2564 1
303 2495 439 2561 Nostine
461 2496 518 2560 hos
541 2497 594 2580 qui
618 2497 761 2560 omnium
789 2496 960 2561 libidinum
982 2497 1065 2560 servi
1097 2497 1144 2561 sic
1165 2497 1300 2561 aliorum
1328 2497 1420 2563 vitiis
1433 2529 1459 2567 20

218 2598 418 2680 irascuntur,
443 2599 534 2682 quasi
549 2599 732 2683 invideant,
757 2601 790 2686 ct
811 2599 999 2684 gravissime
1014 2600 1155 2683 puniunt
1176 2620 1255 2682 quos
1278 2599 1420 2663 maxime

218 2698 410 2764 imitantur?
433 2721 505 2764 oum
527 2721 581 2764 eos
603 2700 700 2764 etiam
719 2700 773 2785 qui
795 2722 861 2765 non
882 2701 1032 2785 indigent
1055 2700 1226 2765 clementia
1249 2701 1347 2765 ullius
1370 2701 1421 2766 ni·

188 2801 265 2868 ahil
287 2802 391 2886 magis
414 2823 510 2885 quam
535 2801 651 2866 lenitas
674 2802 795 2867 deceat.
833 2805 928 2886 atque
951 2823 1011 2888 ego
1033 2804 1189 2887 optimum
1211 2806 1245 2867 et
1268 2802 1420 2867 emenda-

217 2905 377 2967 tissimum
392 2903 539 2967 existimo
562 2903 616 2986 qui
640 2904 753 2967 ceteris
774 2904 822 2967 ita
843 2903 999 2988 ignoscit,
1023 2907 1186 2988 tamquam
1208 2905 1278 2988 ipse
1300 2904 1423 2969 cotidie

189 3008 345 3090 3peccet,
368 3006 416 3069 ita
431 3005 746 3089 peccatis'abstinet,
770 3008 936 3089 tamquam
951 3006 1072 3072 nemini
1094 3006 1251 3090 ignoscat.
1283 3005 1422 3088 proinde
1437 3033 1463 3074 aa

139 3126 141 3130 ·
218 3107 279 3172 hoe
307 3106 406 3190 domi,
437 3106 497 3171 hoc
523 3107 618 3191 foris,
647 3107 708 3171 hoc
735 3107 771 3170 in
798 3106 885 3171 omni
914 3108 998 3172 ritae
1027 3129 1145 3193 genere
1167 3111 1354 3191 teneamus,
1385 3111 1424 3172 ut

218 3209 312 3273 nobis
333 3207 543 3292 inplacabiles
566 3208 681 3292 simus,
705 3208 882 3273 exorabiles
904 3208 975 3273 istis
996 3209 1093 3298 etiam
1115 3211 1169 3295 qui
1191 3209 1267 3273 dare
1289 3210 1425 3274 veniam

219 3310 282 3375 nisi
305 3310 367 3375 sibi
388 3311 553 3393 nesciunt,
584 3311 833 3394 mandemusque
855 3313 1027 3376 memoriae
1053 3311 1136 3396 quod
1158 3310 1207 3375 vir
1229 3311 1425 3376 mitissimus

220 3414 253 3477 et
274 3413 315 3476 ob
336 3412 398 3477 hoc
420 3433 543 3497 quoque
563 3412 735 3496 maximus,
760 3412 916 3495 Thrasea,
941 3413 1051 3477 crebro
1067 3413 1171 3478 dicere
1194 3411 1330 3496 solebat,
1355 3414 1426 3497 ‘qui

219 3515 298 3579 vitia
320 3514 402 3597 odit,
426 3513 571 3578 homines
593 3515 684 3579 odit'
721 3515 846 3598 quaeris
869 3514 1023 3597 fortasse,
1052 3536 1115 3599 quo
1139 3517 1315 3578 commotus
1339 3513 1426 3581 haec
1439 3544 1464 3584 aa

289 3757 302 3803 1
322 3754 466 3804 sacietatis
484 3757 511 3802 Μ
580 3759 595 3805 3
613 3759 644 3804 ut
662 3754 712 3804 alii
731 3755 845 3819 quedam
863 3759 995 3820 reputant
1013 3770 1066 3820 que
1085 3755 1157 3818 quod
1175 3758 1303 3805 transeat
1323 3756 1363 3805 sit
1382 3755 1427 3806 nil

220 3826 397 3888 praeterear
422 3826 453 3872 ut
480 3821 529 3872 alii
556 3822 690 3885 quaedam
716 3823 855 3887 imputant
882 3838 953 3886 qnae
972 3826 1123 3873 transeant
1147 3822 1187 3872 sic
1213 3823 1253 3872 nil
1272 3827 1427 3888 praetereo

221 3890 367 3941 Beroaldus
434 3889 601 3955 4adque1
664 3890 759 3941 tdico
777 3893 823 3939 Er
840 3895 928 3941 testor
945 3905 962 3939 a
995 3891 1088 3949 ,tad
1106 3889 1175 3941 illud
1192 3892 1220 3938 Η
1288 3891 1357 3941 8et
1374 3907 1424 3946 om.

220 3975 249 4008 a:
270 3963 298 4008 et
317 3957 373 4008 alio
392 3957 520 4023 quicquid
537 3962 681 4023 praestant
698 3955 729 4006 r*
816 3958 953 4009 9sodalis
971 3961 998 4006 Μ
1084 3957 1253 4023 deligatusr
1324 3961 1358 4008 12
1377 3959 1427 4010 ad-

220 4023 287 4090 huc]
308 4025 398 4076 adhr'rc
416 4042 429 4075 r
448 4031 478 4076 at
494 4026 601 4080 hunos
652 4025 917 4092 legessalegisltr
967 4031 1121 4077 retractum
1138 4042 1152 4076 r
1169 4029 1391 4082 retractatum&

224 4099 254 4146 13
267 4094 404 4145 recitandi
422 4109 439 4142 a
451 4094 620 4145 retractandi
638 4096 684 4142 Mr
701 4094 869 4144 retrectandi
887 4106 904 4149 ς
973 4097 1005 4144 14
1018 4095 1088 4145 haee
1107 4093 1253 4143 emendata
1270 4099 1375 4157 postea
1394 4099 1427 4146 ut

223 4162 293 4228 quod
310 4165 356 4210 Er
457 4161 581 4227 longiore
601 4178 676 4212 mora
694 4175 733 4216 sa
753 4163 871 4226 longiori
894 4177 1001 4212 morer
1023 4162 1150 4226 longiora
1167 4176 1245 4212 mora
1262 4163 1290 4209 Η
1310 4163 1426 4229 longior

223 4247 300 4282 mora
318 4231 486 4281 Mommseaus
555 4231 587 4280 15
606 4244 818 4295 cognosceresr
888 4231 919 4280 16
938 4234 1045 4280 mutata
1065 4244 1143 4281 om.r

293 4297 374 4349 XXII
393 4301 424 4349 19
443 4296 585 4349 GEMINO
603 4299 631 4345 Η
649 4297 806 4348 GEMINIO
824 4312 860 4345 ra
956 4301 988 4347 22
1008 4299 1159 4348 clemencia
1176 4299 1204 4345 Η
1289 4299 1324 4348 23
1344 4299 1426 4364 atqui

223 4382 276 4484 ligo
289 4366 433 4446 {intonueras
455 4367 574 4484 d{eicite
580 4367 714 4484 ²{Ignoscat
726 4365 871 4482 Befreqldus
922 4368 955 4416 ‘25
968 4366 1092 4446 abstinet
1104 4380 1121 4413 a
1134 4366 1275 4417 abstineat
1286 4367 1335 4481 pir
1351 4432 1371 4483 h
1391 4369 1426 4418 80

244 4449 347 4484 ommes
365 4449 420 4484 non
437 4449 482 4484 οι
534 4450 579 4484 aaa
613 4449 676 4485 onus
773 4448 877 4484 orasse
919 4449 1010 4484 uaeris
1033 4448 1050 4481 a
1128 4449 1162 4484 uo
1181 4448 1333 4484 commous
1372 4449 1426 4484 aec

225 4501 343 4551 scribam
360 4504 387 4548 111
406 4501 478 4566 quod
496 4506 649 4552 commotus
664 4501 782 4552 scribam
800 4515 815 4549 r
837 4515 890 4564 quo
901 4450 1059 4553 (irommotus
1078 4449 1204 4552 sciibam
1222 4513 1239 4556 ς
1257 4501 1331 4566 quod
1349 4516 1424 4554 com·

226 4574 315 4621 motus
332 4569 385 4620 hoc
404 4571 523 4620 scribam
540 4586 557 4619 a
