3024 5062
209 266 273 329 330
734 277 763 325 c.
787 278 883 324 rann
929 230 934 237 ι

209 434 451 518 superbiamque
472 433 665 497 Parthorum
687 453 726 494 ex
747 431 892 515 proximo
915 430 1042 495 auditus
1064 451 1184 514 magno
1206 433 1328 495 terrore
1351 452 1400 494 co-

208 536 334 600 hiberes
348 537 561 620 Rhenumque
573 538 605 598 et
619 534 808 617 Euphraten
820 533 1042 598 admirationis
1064 535 1139 597 tuae
1150 533 1303 597 societate
1327 554 1401 597 con-

207 637 381 723 iuugeres?
413 659 485 702 curn
517 637 627 701 orbem
651 640 810 700 terrarum
831 657 898 700 non
921 635 1055 719 pedibus
1077 636 1182 720 magis
1205 656 1303 719 quam
1326 635 1401 699 lau·

208 741 300 804 dibus
314 761 519 825 peragrareS,
543 739 625 824 apud
640 759 693 803 eos
707 760 833 822 semper
848 738 950 802 maior
964 741 997 802 et
1012 737 1142 821 clarior,
1158 737 1274 822 quibus
1289 739 1401 822 postea

209 842 422 927 contigisses‘?
443 845 476 906 et
496 842 633 906 necdum
654 841 845 926 imperator,
868 841 1005 906 necdum
1027 840 1078 905 dei
1099 840 1184 903 filius
1208 860 1288 904 eras.
1323 840 1425 905 Ger-s

207 945 348 1009 maniam
375 950 616 1028 Hispaniamque
644 965 715 1008 cum
744 943 900 1026 plurimae
932 945 1047 1028 gentes
1079 941 1117 1006 ac
1144 963 1244 1025 prope
1270 941 1401 1006 infinita

207 1046 342 1111 vastitas
364 1046 584 1144 interiacentis
607 1044 667 1109 soli
689 1047 759 1108 tum
772 1044 971 1129 Pyrenaeus,
995 1045 1095 1128 Alpes
1110 1043 1322 1127 immensique
1345 1045 1400 1108 alii

206 1151 348 1231 montes,
377 1148 441 1212 nisi
468 1147 517 1211 his
546 1150 785 1231 comparentur,
812 1147 963 1211 muniunt
990 1146 1217 1230 dirimuntque.
1250 1167 1309 1230 per
1339 1146 1400 1210 hoo

207 1271 300 1313 omne
323 1250 462 1334 spatium
485 1271 556 1314 cum
577 1249 720 1333 legiones
743 1249 875 1313 duceres
903 1271 956 1313 seu
979 1249 1087 1332 potius
1116 1247 1224 1334 (tanta
1246 1247 1399 1341 velocitas

207 1352 289 1437 erat)
312 1373 457 1436 raperes,
485 1373 552 1415 non
579 1349 761 1415 vehiculum
787 1373 954 1435 umquam,
984 1372 1051 1415 non
1080 1371 1196 1434 equum
1217 1351 1398 1434 respexisti.
1413 1379 1436 1419 10

206 1453 283 1517 levis
305 1452 374 1536 hic,
398 1475 465 1517 non
486 1453 661 1517 subsidium
682 1452 825 1536 itineris,
847 1453 903 1517 sed
925 1453 1021 1517 decus
1044 1455 1114 1530 et†
1137 1474 1209 1517 cum
1230 1452 1400 1536 subseque-

207 1556 317 1639 batur,
345 1559 383 1619 ut
413 1555 502 1620 cuius
529 1555 637 1619 nullus
658 1555 720 1619 tibi
741 1576 834 1638 usuS,
862 1555 927 1619 nisi
949 1577 1021 1620 cum
1043 1554 1094 1618 die
1116 1555 1307 1618 stativorum
1328 1576 1399 1639 pro-

205 1657 326 1720 ximum
355 1679 502 1740 campum
530 1657 697 1741 alacritate
725 1657 870 1721 discursu
897 1656 1028 1742 pulvere
1055 1656 1228 1721 attolleres.
1271 1657 1423 1721 initium·

206 1759 325 1823 laboris
337 1759 435 1823 mirer
450 1781 492 1823 an
508 1758 636 1823 finem?—
650 1758 784 1823 multum
801 1760 947 1844 estquod
962 1759 1184 1843 perseverasti,
1200 1756 1274 1842 plus
1289 1760 1399 1824 tamen

205 1861 288 1944 quod
310 1881 376 1925 non
398 1860 534 1925 timuisti
556 1882 598 1925 ne
619 1882 822 1945 perseverare
849 1883 914 1926 non
937 1882 1058 1945 posses.
1097 1881 1158 1925 nec
1180 1860 1293 1926 dubito
1321 1863 1399 1945 quin
1412 1891 1435 1932 15

205 1963 259 2027 ille
282 1963 336 2045 qui
357 1968 391 2026 te
412 1963 498 2026 inter
518 1963 576 2027 illa
598 1962 790 2028 Germaniae
812 1962 897 2026 bella
919 1963 960 2027 ab
982 1962 1144 2047 Hispania
1164 1984 1266 2047 usque
1288 1966 1326 2027 ut
1345 1985 1398 2029 va·

204 2064 394 2127 lidissimum
415 2065 609 2149 praesidium
632 2065 809 2148 exciverat,
833 2065 919 2129 iners
941 2065 1011 2149 ipse
1026 2065 1202 2149 alienisque
1223 2064 1398 2130 virtutibus

204 2169 283 2230 tunc
305 2186 429 2250 quoque
450 2166 577 2230 invidus
599 2166 789 2251 imperator,
813 2189 886 2231 cum
908 2189 968 2252 ope
991 2189 1099 2232 earum
1121 2168 1301 2252 indigeret,
1325 2171 1396 2232 tau·

203 2270 271 2330 tam
286 2267 530 2332 admirationem
550 2269 599 2332 tui
620 2289 687 2333 non
708 2268 777 2332 sine
795 2268 933 2352 quodam
946 2268 1063 2334 timore
1077 2270 1276 2353 conceperit,
1299 2291 1397 2354 quan·

203 2372 270 2433 tam
293 2368 347 2433 ille
369 2361 497 2453 genitus
519 2367 594 2433 Iove
615 2372 689 2454 post
711 2391 820 2436 saevos
850 2370 976 2435 labores
998 2371 1138 2455 duraque
1160 2371 1300 2455 imperia
1328 2373 1432 2457 regin

203 2493 260 2535 suo
281 2470 456 2535 indomitus
479 2492 604 2555 semper
625 2471 865 2555 indefessusque
892 2472 1069 2556 referebat,
1102 2495 1175 2537 cum
1202 2473 1275 2537 aliis
1303 2487 1398 2559 super

155 2577 194 2641 15
204 2572 283 2636 alias
298 2573 555 2656 expeditionibus
576 2572 692 2637 itinere
714 2573 769 2638 illo
785 2575 901 2659 dignus
923 2574 1122 2640 invenireris.
1156 2575 1308 2640 tribunus
1323 2598 1397 2640 vero

203 2673 469 2738 disiunctissimas
490 2676 594 2739 terras
611 2676 731 2739 teneris
755 2675 857 2740 adhuc
872 2677 967 2740 annis
982 2677 1042 2741 viri
1063 2676 1216 2741 firmitate
1238 2678 1395 2762 lustrasti,

202 2777 267 2840 iam
287 2780 367 2841 tunc
381 2779 610 2862 praemonente
631 2777 762 2841 fortuna
777 2781 813 2842 ut
827 2777 882 2842 diu
896 2779 1087 2863 penitusque
1102 2779 1300 2863 perdisceres
1316 2803 1396 2865 quae

201 2900 274 2942 mox
297 2879 481 2963 praecipere
503 2879 644 2943 deberes.
678 2901 780 2963 neque
803 2881 888 2945 enim
902 2882 1102 2966 prospexisse
1125 2885 1232 2946 castra
1253 2882 1429 2953 breuem-u

201 2980 263 3061 que
284 2979 433 3044 militiam
455 2983 545 3065 quasi
569 2981 749 3045 transilisse
772 2984 941 3047 contentus
964 2985 1010 3048 ita
1032 2984 1128 3068 egisti
1149 2983 1337 3070 tribunum,
1361 2989 1396 3050 ut

202 3081 265 3144 dux
287 3103 356 3146 esse
377 3085 487 3147 statim
508 3105 617 3167 posses
639 3082 784 3168 nihilque
806 3084 993 3150 discendum
1019 3086 1153 3151 haberes
1175 3089 1321 3171 tempore
1344 3087 1395 3152 do·
1432 3148 1434 3152 .

270 3325 281 3371 1
302 3319 478 3390 Parthorum]
499 3325 678 3376 barbarorum
695 3324 868 3391 Schwaraius,
893 3329 1012 3393 quiante
1029 3341 1183 3390 nomenque
1202 3331 1328 3394 quaedam
1345 3346 1393 3381 ea-

200 3392 293 3441 cr'disse
311 3393 433 3451 coniecit,
457 3392 546 3458 quibas
561 3398 708 3458 germanica
724 3396 833 3446 victoria
853 3395 960 3446 Traiani
980 3398 1095 3446 indicata
1113 3402 1181 3446 esset
1269 3400 1284 3448 2
1304 3398 1393 3449 euira-

200 3463 256 3509 tem
273 3460 379 3509 Arar.
447 3459 595 3526 societate]
621 3462 697 3512 fama
715 3465 773 3514 aad.
792 3463 936 3519 Medicas
1021 3462 1130 3528 tapud
1147 3464 1212 3517 deos
1230 3482 1300 3518 corr.
1321 3466 1393 3531 apud

201 3528 282 3577 eosb
360 3527 474 3590 sortasse
493 3529 591 3593 quibus
609 3532 745 3595 posterior
764 3532 932 3596 contigisses
1018 3533 1102 3582 bueo
1120 3531 1200 3582 deib
1288 3550 1391 3599 germa-

199 3597 329 3658 niamque
347 3611 408 3646 cum
425 3597 514 3646 Anao
541 3613 756 3664 germanumque
780 3615 840 3650 oum
858 3616 875 3649 a
901 3600 1124 3666 germaniamque
1148 3615 1230 3666 quam
1255 3617 1317 3652 cum
1334 3605 1390 3654 cod.

200 3664 305 3714 Medici.
325 3664 490 3730 Hispaniam
508 3665 738 3732 Germaniamque
766 3684 827 3718 oum
852 3667 968 3718 Bannius
992 3669 1167 3720 Germaniam
1195 3670 1309 3734 quidem
1332 3686 1391 3721 cum

195 3731 365 3785 Schworzius.
382 3736 459 3797 plura
475 3735 604 3784 euadere
620 3738 767 3800 suspicatur
784 3738 941 3787 Dieraaerus
953 3737 1036 3787 Beer.
1057 3753 1080 3790 z.
1098 3752 1122 3786 e.
1145 3736 1207 3790 aar.
1222 3739 1313 3789 Gescb.
1330 3739 1390 3790 Iba·

198 3802 370 3864 iansp.193
439 3802 664 3852 iinteriaoentis
683 3808 739 3853 tum
755 3805 779 3853 A
795 3805 992 3855 interiacentes
1010 3803 1062 3856 soli
1080 3809 1137 3855 tum
1153 3819 1171 3854 a
1212 3842 1218 3846 -
1240 3808 1257 3856 8
1282 3823 1389 3873 compa-

198 3872 294 3918 rentur
309 3868 352 3918 Ac
370 3874 597 3934 compararentur
613 3872 656 3920 Bd
757 3871 1014 3938 dirimunturqueA
1101 3876 1133 3924 10
1150 3889 1262 3940 raperes
1280 3890 1336 3926 non
1351 3877 1391 3924 Aa

198 3951 295 4000 rapere
314 3936 363 3987 sed
381 3952 435 3987 non
451 3938 491 3986 bd
508 3953 621 4003 raperes
640 3938 761 3990 sednon
780 3941 794 4004 β
813 3956 867 3991 non
884 3938 944 4006 (om.
964 3940 1088 4006 raperes)
1106 3957 1123 3991 a
1204 3945 1235 3992 11
1256 3943 1301 3993 bic
1314 3958 1390 3997 ome

267 4009 294 4054 et
312 4020 372 4054 cum
390 4007 611 4071 subsequebatur
628 4007 691 4057 Bcd
718 4013 746 4058 et
768 4015 863 4059 tamen
882 4009 1138 4074 subsequebaturA
1166 4016 1275 4061 etcum
1294 4013 1389 4062 ceteris

198 4072 418 4137 subsequebatur
436 4086 460 4129 ς.
478 4075 592 4137 fortasse
612 4081 640 4125 et
658 4081 846 4127 ornamentum
864 4079 1085 4141 subsequebatur
1154 4080 1186 4129 12
1204 4085 1235 4129 ut
1253 4095 1301 4130 om.
1319 4081 1342 4128 A

199 4143 230 4189 14
249 4141 329 4189 mirer
345 4140 422 4197 Ama
440 4142 522 4193 miser
539 4159 608 4194 corr.
627 4147 660 4194 ai.
678 4161 743 4194 man.
764 4146 846 4195 mirer
864 4146 879 4208 β
897 4147 980 4196 miser
997 4148 1033 4196 bc
1051 4146 1166 4196 miseras
1184 4163 1201 4196 a
1217 4147 1353 4198 miserear
1368 4149 1389 4196 A

266 4211 297 4259 15
315 4224 370 4258 nou
388 4224 468 4264 om.o
555 4213 585 4260 16
603 4211 639 4261 ad
656 4212 853 4278 hispaniamA
939 4216 970 4264 21
989 4213 1298 4280 indefessosqusflaod
1315 4216 1388 4266 inde·

199 4276 346 4341 tensusque
364 4278 387 4325 A
446 4293 529 4344 supra
549 4278 652 4330 aliasc
722 4283 754 4331 22
773 4282 873 4333 itinere
892 4281 953 4350 illo]
974 4298 1082 4333 munere
1103 4283 1158 4334 alio
1177 4284 1326 4335 Cataractae

117 4371 121 4380 ·
196 4360 261 4394 vero
280 4361 326 4394 om.
347 4359 361 4394 c
440 4348 474 4397 24
491 4348 546 4397 iam
564 4353 622 4397 turn
639 4354 818 4412 premonente
836 4354 898 4400 uto
984 4352 1192 4416 praemuniente
1210 4357 1251 4404 oei
1268 4368 1388 4418 praemo-

197 4412 282 4462 liente
300 4414 405 4476 Lipsius
473 4417 506 4465 25
524 4417 699 4481 prospexisse
717 4418 758 4466 Bi
775 4420 942 4484 prospexisti
959 4421 981 4468 A
998 4421 1140 4485 prospexti
1158 4435 1173 4470 c
1242 4423 1276 4471 26
1294 4422 1389 4472 transi·

196 4479 264 4530 lisse
283 4480 439 4533 Aratzem'us
457 4485 590 4534 transisse
607 4485 696 4533 ABcd
781 4489 814 4537 27
833 4487 886 4537 dux
906 4503 966 4538 esse
986 4489 1081 4538 statim
1098 4489 1121 4537 A
1139 4504 1202 4540 esse
1221 4490 1321 4540 statim
1337 4487 1388 4539 dux

196 4549 240 4603 Βς
258 4563 319 4598 esse
339 4550 393 4600 dux
411 4552 504 4601 statim
522 4553 579 4601 aod
647 4552 765 4604 haberes
783 4570 830 4605 om.
850 4571 864 4604 c
