3024 5062
970 40 985 74 O

186 236 248 300 314
588 249 618 297 c.
642 250 738 297 nanu
761 250 805 296 ar
828 248 973 297 sacroru

186 428 281 470 sensu
303 405 438 488 quodam
461 403 665 485 exolevisset,
699 402 915 466 necessarium
944 400 1123 465 existimavi
1146 400 1311 465 consulere
1332 401 1377 483 te,

186 507 261 592 quid
283 506 474 571 servandum
495 508 635 590 putares.
668 503 775 587 capita
796 503 878 588 legis
899 503 950 568 his
971 503 1089 568 litteris
1111 501 1240 567 subieci.

651 672 909 759 cxv oxvu

618 795 798 847 TRAIANUS
817 795 943 846 PLINIO

270 915 386 980 Merito
408 914 556 996 haesisti,
579 912 724 978 Secunde
746 911 925 995 carissime,
949 912 1024 996 quid
1045 934 1064 975 a
1085 914 1118 975 tc
1140 909 1272 975 rescribi
1287 926 1406 994 opor-5

185 1021 268 1082 teret
291 1017 475 1088 censoribus
499 1013 754 1097 consulentibus,
783 1034 825 1076 an
843 1061 851 1077 .
869 1062 877 1077 .
895 1064 902 1078 .
921 1063 928 1078 .
944 1013 979 1076 in
1007 1015 1156 1077 senatum
1178 1011 1313 1076 aliarum
1337 1013 1379 1077 ci—

186 1120 336 1202 vitatum,
360 1118 501 1183 eiusdem
515 1120 626 1182 tamen
640 1115 824 1201 provinciae
840 1115 935 1181 cives.
958 1137 1034 1181 nam
1050 1118 1083 1180 et
1105 1114 1187 1199 legis
1203 1114 1379 1178 auctoritas

185 1224 218 1285 et
239 1221 337 1306 longa
361 1220 556 1284 consuetudo
577 1222 730 1302 usurpata
752 1221 864 1282 contra
886 1218 991 1302 legem
1012 1218 1048 1282 in
1070 1217 1230 1282 diversum
1251 1237 1379 1281 movere

185 1326 217 1386 te
246 1322 360 1405 potuit.
396 1321 476 1386 mihi
504 1321 566 1385 hoc
592 1323 882 1404 temperamentum
905 1320 971 1384 eius
999 1319 1138 1404 placuit,
1168 1320 1205 1383 ut
1227 1340 1265 1382 ex
1287 1339 1380 1401 prae-

184 1424 280 1488 terito
302 1421 389 1486 nihil
404 1443 610 1505 noueremus,
634 1421 689 1485 sed
711 1424 880 1486 manerent
894 1421 1040 1506 quamvis
1064 1423 1176 1486 contra
1197 1419 1304 1504 legem
1327 1420 1380 1484 ad·
1395 1436 1418 1476 1⁰

185 1526 258 1590 sciti
280 1545 549 1609 quarumcumque
564 1523 731 1587 civitatum
746 1521 847 1606 cives,
874 1523 909 1587 in
930 1522 1076 1587 futurum
1092 1525 1199 1586 autem
1220 1521 1272 1586 lex
1288 1520 1381 1586 Pom-

184 1628 256 1711 peia
277 1627 514 1709 observaretur3
543 1626 633 1690 cuius
654 1627 719 1689 vim
742 1626 769 1689 si
795 1627 881 1690 retro
903 1647 1027 1710 quoque
1049 1623 1183 1690 velimus
1207 1625 1378 1708 custodire,

185 1728 285 1792 multa
307 1748 438 1792 necesse
461 1730 510 1792 est
531 1726 723 1810 perturbari.

631 1856 927 1984 ouvr[oxvur

467 2018 497 2070 G.
517 2018 665 2070 PLINIUS
683 2018 842 2070 TRAIANO
861 2018 1087 2072 IMPERATORI
1393 2021 1415 2061 1⁵

157 2138 172 2199 1
269 2135 330 2212 Qui
356 2136 480 2200 virilem
507 2139 618 2220 togam
645 2137 776 2199 sumunt
803 2135 854 2200 vel
881 2135 1010 2220 nuptias
1033 2135 1160 2200 faciunt
1187 2137 1238 2201 vel
1266 2136 1381 2201 ineunt

185 2237 411 2322 magistratum
426 2238 477 2301 vel
499 2258 578 2321 opus
593 2237 758 2321 publicum
773 2237 939 2321 dedicant,
966 2237 1072 2306 solent
1092 2241 1196 2302 totam
1211 2237 1311 2303 bulen
1333 2240 1379 2302 at-

94 2325 96 2329 ’
185 2361 245 2423 que
268 2339 366 2403 etiam
393 2362 410 2402 e
437 2339 530 2424 plebe
552 2360 619 2403 non
647 2339 798 2424 exiguum
820 2361 989 2404 numerum
1010 2360 1125 2404 vocare
1148 2339 1306 2423 binosque
1328 2340 1378 2404 de·

184 2441 291 2504 uarios
307 2441 357 2504 vel
379 2441 523 2525 singulos
538 2440 624 2505 dare.
655 2441 738 2525 quod
754 2463 795 2505 an
812 2440 1038 2507 celebrandum
1052 2445 1086 2508 et
1100 2444 1259 2527 quatenus
1274 2445 1376 2526 putes,

153 2543 263 2626 2rogo
285 2542 416 2608 scribas.
454 2543 522 2626 ipse
545 2542 631 2606 enim
654 2543 738 2607 sicut
759 2543 913 2626 arbitror,
942 2544 1133 2627 praesertim
1155 2566 1194 2609 ex
1217 2543 1410 2609 sollemni-u

184 2642 243 2706 bus
272 2643 374 2708 causis
381 2693 391 2727 ,
416 2643 652 2708 concedendum
674 2644 723 2707 ius
750 2644 969 2727 invitationis,
1003 2645 1051 2710 ita
1073 2667 1184 2710 vereor
1206 2668 1248 2711 ne
1278 2647 1302 2710 ii
1323 2646 1376 2730 qui

183 2745 270 2809 mille
293 2746 454 2826 homines,
483 2745 645 2810 interdum
673 2746 770 2810 etiam
798 2736 1052 2830 plures'vocant
1073 2747 1203 2812 modum
1226 2747 1376 2812 excedere

184 2851 216 2910 et
237 2848 272 2910 in
295 2848 433 2930 speciem
455 2847 618 2912 dianomes
639 2847 781 2913 incidere
802 2849 983 2914 videantur.

252 3240 324 3291 CXV
343 3243 358 3290 5
377 3245 401 3290 a'
412 3244 440 3289 te
458 3241 602 3291 Coronaeus
620 3257 636 3290 a
654 3242 689 3291 ad
706 3246 734 3291 te
752 3243 775 3291 A
860 3245 876 3292 6
895 3245 1057 3295 censoribus
1076 3245 1221 3294 Coronaeus
1239 3260 1256 3293 a
1273 3249 1373 3312 tempo-

184 3309 260 3359 ribus
277 3310 300 3358 A
386 3324 421 3357 an
440 3309 468 3357 in
487 3309 618 3359 Senatum
636 3335 670 3346 —
688 3310 764 3360 ciues
782 3311 805 3359 A
823 3326 859 3360 an
876 3310 1003 3376 legerent
1021 3313 1049 3361 in
1068 3317 1196 3362 senatum
1213 3339 1247 3348 -—
1266 3314 1342 3365 ciues
1358 3327 1373 3361 s

184 3393 218 3426 an
237 3377 409 3426 insanarum
422 3377 543 3427 -cives
561 3377 782 3428 adscriberentur
799 3379 945 3430 Beroaldus
964 3396 1000 3430 an
1017 3381 1045 3429 in
1063 3386 1162 3447 senatu
1181 3396 1294 3432 munere
1312 3397 1372 3447 pos·

183 3450 245 3494 sent
256 3445 379 3494 aliarum
398 3470 430 3479 -
449 3445 524 3494 ciues
543 3445 688 3501 Coronaeus
756 3447 911 3497 ciuitatium
929 3463 945 3495 a
1026 3450 1058 3498 10
1075 3463 1241 3500 noueremus
1259 3463 1276 3499 s
1293 3465 1372 3500 noue·

182 3529 269 3563 remus
287 3512 310 3561 A
327 3527 499 3562 moneremus
515 3512 662 3564 Beroaldus
730 3516 760 3563 11
780 3515 935 3565 ciuitatium
952 3530 969 3564 s

250 3648 338 3698 CXVI
355 3649 398 3698 De
417 3648 552 3699 diuisione
573 3648 761 3714 Sportularum
781 3651 888 3703 ‚LXXI
899 3690 905 3704 .
924 3652 947 3700 A
1000 3653 1031 3701 16
1049 3653 1160 3702 ‘Primus
1182 3655 1219 3703 od
1240 3654 1373 3705 Troiamne

181 3717 296 3767 scribens
313 3718 349 3766 ira
367 3718 454 3780 iaquir.
474 3716 528 3778 Qui
545 3715 655 3767 uirilem
672 3743 706 3754 —
723 3721 754 3767 21
774 3719 963 3774 incitationes.
999 3720 1036 3770 Er
1057 3719 1185 3771 nunnus
1203 3724 1240 3772 od
1256 3724 1370 3774 Plinium.

181 3785 280 3835 Merito
292 3786 382 3848 narr,
389 3785 454 3834 3-5
461 3784 611 3834 contrahit’
617 3785 739 3836 Budaeus
748 3794 834 3841 aanor.
845 3789 872 3836 in
882 3789 990 3851 ponas.
1006 3789 1068 3838 123ΙΙΙ
1078 3790 1342 3844 ed.Asceos.o.1516

181 3857 291 3902 sumunt
309 3868 325 3901 a
343 3853 512 3902 summuntA
606 3855 639 3903 20
657 3855 730 3903 sicut
749 3855 867 3904 arbitror
885 3871 939 3904 non
951 3855 1141 3921 imprudenter
1158 3861 1323 3922 praesertim
1341 3874 1372 3908 cx

181 3921 349 3971 solemnibus
370 3921 462 3971 causis
481 3920 684 3970 concedendum
701 3922 769 3972 iussi
787 3923 970 3973 inuitationes
995 3924 1138 3974 Coronaeus
1224 3928 1256 3975 21
1276 3942 1371 3976 conce·

180 3988 298 4047 dandum
316 3991 360 4038 ius
377 3989 552 4038 inuitationis
570 3988 717 4053 Serrefferus
736 3991 939 4040 concedendum
962 3993 1032 4041 iussi
1048 3991 1255 4044 immutationes
1273 3995 1294 4042 A
1313 4010 1371 4045 eon·

181 4057 329 4106 cedendum
347 4056 455 4106 iussisti
480 4057 661 4107 inuitationes
683 4057 806 4108 Budaeus
832 4059 1035 4110 concedendum
1062 4061 1132 4110 iussi
1158 4062 1372 4113 inuitationesa

181 4125 371 4175 concedendas
391 4139 451 4175 esse
470 4124 651 4174 inuitationes
671 4125 779 4176 Orelrios
830 4129 863 4178 23
881 4127 1022 4178 dianomes
1041 4127 1206 4180 Cosoubooas
1218 4130 1372 4181 Diamories

181 4194 203 4241 A
221 4193 361 4243 diamones
380 4207 396 4240 a
463 4192 585 4244 incidere
606 4194 749 4244 Coronaeus
767 4195 890 4261 incipere
908 4196 931 4244 A
